3078 4984
836 366 877 426 24

299 559 338 618 ut
364 554 465 618 Marci
494 553 631 637 epistula
663 553 820 636 particula
850 552 900 615 ‘et'
925 554 978 634 (=
1001 555 1109 636 etiam),
1136 554 1276 636 incipere
1305 553 1405 635 possit.

299 661 415 744 ltaque
436 661 587 744 quamvis
612 660 763 724 audacter
785 660 990 742 conjicerem:
1016 659 1066 722 ‘Et
1081 679 1149 741 nos,
1174 657 1303 722 Gratia
1327 658 1406 741 quod

300 769 350 831 tui
373 768 487 832 similis
518 773 575 847 est,
598 763 656 850 [te]
688 767 790 848 magis
822 786 976 830 amamus.
1021 763 1127 828 Foede
1159 784 1233 848 ergo
1256 765 1406 848 intellegi-

302 894 384 955 mus,
408 878 528 956 quanta
555 872 640 955 apud
663 878 694 935 te
718 873 759 935 sit
781 871 899 935 filiolae
927 876 1054 936 nostrae
1082 871 1298 936 similitudo
1327 891 1407 934 con·

302 981 476 1044 ciliatrix
499 980 670 1062 utriusque
693 974 847 1062 nostri’ffl)
872 1015 912 1024 —-
937 980 989 1061 ita,
1018 979 1097 1059 dico,
1125 979 1324 1060 conjicerem,
1351 978 1408 1040 nisi

302 1088 429 1170 saepius
453 1085 495 1151 Μ.
518 1086 672 1148 Aurelius
695 1087 729 1148 in
752 1086 802 1148 his
825 1085 972 1169 epistulis
994 1106 1013 1148 a
1036 1086 1131 1150 certis
1155 1084 1315 1168 cogitandi
1338 1084 1409 1167 legi·

304 1193 366 1257 bns
389 1193 512 1275 logicis,
537 1212 619 1275 quas
644 1191 792 1273 dicImns,
820 1193 939 1254 mirmu
965 1193 1001 1254 in
1028 1193 1159 1255 modum
1189 1190 1351 1254 aberraret
1377 1189 1409 1252 cl.

303 1298 390 1382 quod
413 1299 481 1381 ipse
504 1297 630 1380 fatetur,
654 1319 682 1382 p.
707 1299 746 1360 61
772 1318 801 1360 r.
828 1300 867 1360 11
896 1299 933 1361 ‘si
962 1298 1049 1381 quod
1077 1297 1213 1361 verbum
1241 1296 1410 1360 absurdius

303 1409 358 1468 aut
380 1404 594 1468 inconsultior
625 1424 750 1486 senene,
781 1410 837 1468 aut
867 1404 1024 1467 infirmior
1056 1406 1162 1468 littera
1190 1403 1262 1468 istic
1284 1405 1352 1486 erit,
1381 1403 1411 1466 id

301 1511 436 1594 tempori
459 1507 664 1595 adponas’.⁶1)

391 1612 443 1688 Ad
460 1611 535 1686 Ver·
557 1613 637 1709 Imp·
657 1612 693 1687 Π
711 1614 729 1686 l
746 1649 788 1712 ².
805 1636 835 1708 p·
851 1613 920 1702 128,
936 1614 982 1688 21.
1027 1617 1067 1680 In
1091 1617 1303 1700 descriptione
1326 1635 1413 1680 exer-

304 1725 387 1788 citus
411 1723 536 1804 Syriaci
560 1725 665 1806 qualis
687 1723 786 1786 fuerit
809 1728 882 1786 ante
902 1722 979 1786 Veri
1003 1712 1178 1787 adventum
1197 1722 1315 1786 Fronto
1339 1723 1414 1784 haec

303 1832 360 1894 ait:
385 1829 481 1893 Haud
497 1830 590 1893 multi
615 1829 671 1912 (sc.
688 1825 815 1909 milites)
831 1827 987 1892 vibrantis
1006 1830 1123 1911 hastas,
1137 1849 1211 1913 pars
1227 1830 1327 1910 major
1348 1828 1414 1891 sine

303 1938 337 1999 vi
370 1941 401 2000 et
434 1937 553 2020 vigore,
587 1940 753 2018 tamquam
790 1935 920 1998 laneas
955 1931 1086 2022 jacere}
1139 1935 1280 2012 Gaudeo,
1321 1934 1414 2017 qood,

303 2047 474 2126 postquam
498 2043 620 2125 conjeci
642 2041 828 2123 lanceas,
856 2041 942 2105 idem
962 2043 1029 2124 jam
1058 2042 1097 2106 ab
1120 2041 1262 2106 Henrico
1285 2040 1416 2120 Jordan,
1526 2087 1527 2106 l

304 2154 506 2233 praeceptore
530 2150 704 2226 carissime,
730 2149 928 2232 propositum
953 2167 1022 2212 esse
1044 2150 1165 2230 inveni,
1193 2149 1287 2231 cujus
1313 2145 1416 2210 verbis
1527 2186 1528 2198 ,

303 2257 338 2318 in
362 2251 608 2336 adnotationeffl)
633 2255 804 2339 adscriptis
826 2256 887 2318 hoc
911 2255 985 2317 addi
1007 2260 1119 2339 potest,
1135 2255 1332 2338 aptissimam
1348 2271 1417 2316 esse
1528 2281 1529 2308 r

302 2363 387 2424 hanc
408 2362 584 2444 imaginem
610 2366 786 2445 propterea,
815 2362 902 2444 quod
929 2362 1059 2426 lanceae
1083 2381 1100 2425 e
1124 2360 1273 2425 manibus
1301 2361 1417 2422 missae
1529 2379 1530 2400 ¹

305 2470 341 2530 in
374 2469 443 2552 ipso
478 2468 607 2531 volandi
641 2469 762 2552 impetu
798 2473 935 2546 amento,
970 2467 1057 2551 quod
1091 2468 1271 2532 seeundum
1305 2466 1417 2530 isidor.
1530 2478 1531 2501 ¹

305 2573 390 2657 Orig.
414 2572 540 2655 XVIII,
566 2573 583 2635 7
607 2574 750 2638 medium
778 2573 948 2656 habebant,
976 2573 1082 2638 subito
1112 2575 1283 2657 impeditae
1310 2579 1341 2638 et
1368 2575 1418 2638 in-

303 2680 402 2743 fracta
433 2680 466 2742 vi
498 2680 635 2743 humum
674 2680 823 2744 cadentes
862 2682 891 2744 ei
928 2681 985 2765 qui
1022 2700 1088 2744 uon
1127 2700 1224 2765 prope
1263 2680 1420 2760 adstabat,

304 2787 444 2870 speciem
466 2784 618 2869 praebere
642 2785 810 2868 debebant,
841 2789 933 2869 quasi
956 2807 998 2850 ex
1019 2787 1156 2851 infirmis
1180 2786 1420 2870 enervibusque

303 2891 454 2956 manibus
478 2893 595 2956 missae
618 2896 732 2956 esseut.

396 3139 441 3207 60)
464 3138 552 3194 Etiam
576 3140 641 3194 alibi
664 3141 806 3196 verborum
830 3142 893 3196 ordo
917 3140 984 3194 salso
1007 3158 1023 3194 a
1045 3140 1154 3194 librario
1178 3142 1344 3208 permutatus
1366 3141 1422 3193 est:

307 3228 340 3281 cl.
363 3245 389 3296 p.
410 3228 461 3282 130
487 3245 513 3283 v.
533 3230 550 3281 4
577 3229 639 3282 ‘Cur
661 3230 746 3298 igitur
768 3230 830 3284 aliis
853 3246 931 3298 qnam
957 3229 1007 3282 tibi
1032 3228 1138 3295 saepius
1163 3229 1211 3296 (sc.
1234 3229 1362 3298 scripsit?
1391 3232 1424 3281 ut

309 3315 427 3370 breviter
445 3315 593 3370 absolvam:
623 3318 748 3385 quoniam
768 3318 884 3386 quidem,
903 3318 957 3371 nisi
975 3317 1014 3371 ita
1032 3318 1154 3384 lacerem,
1173 3316 1214 3370 illi
1232 3299 1425 3384 irascerentur,

308 3406 338 3455 tu
356 3404 521 3471 ignosceres3
545 3404 587 3457 illi
605 3407 730 3473 tacerent,
756 3409 786 3458 tu
804 3405 955 3473 flagitares'.
992 3405 1090 3460 Procul
1112 3406 1193 3460 dubio
1217 3408 1289 3460 recte
1311 3405 1424 3473 Maehly

307 3490 404 3546 Philol.
422 3491 506 3545 XXX
524 3508 549 3560 p.
569 3493 621 3548 159
640 3494 759 3562 scripsIt:
780 3493 830 3547 ·1111
850 3494 1009 3562 flagilarent,
1027 3497 1057 3547 tn
1076 3493 1194 3548 taceres’

399 3579 443 3650 61)
466 3579 542 3634 Tales
559 3581 612 3636 loci
634 3582 682 3635 ubi
705 3582 813 3651 ingenio
836 3582 1012 3651 abuteremnr,
1035 3584 1059 3636 si
1082 3585 1223 3638 emendare
1244 3584 1426 3651 studeremus

308 3668 420 3722 fortasse
439 3671 502 3722 sunt
519 3669 561 3723 hi:
580 3688 606 3738 p.
625 3672 643 3722 4
662 3688 687 3727 v.
708 3673 749 3741 17,
768 3673 803 3727 40
821 3690 847 3728 v.
867 3673 909 3739 17,
929 3672 963 3728 55
981 3689 1008 3727 v,
1027 3673 1069 3727 15.
1105 3672 1167 3726 Non
1188 3672 1300 3740 indigna
1317 3688 1360 3725 res
1379 3671 1426 3724 vi·

309 3757 394 3825 detur,
414 3774 482 3827 quae
501 3758 580 3827 paulo
603 3760 755 3814 accuratius
780 3760 958 3830 subtiliusque
981 3761 1130 3833 caemar,
1152 3763 1222 3830 quod
1241 3765 1330 3816 tamon
1348 3777 1427 3815 nuno

284 3911 286 3918 y
308 3844 417 3914 longum
436 3847 484 3901 est.

398 3934 442 4005 62)
461 3935 576 3990 Hermes
593 3935 633 3990 VI
650 3954 676 4005 p.
696 3937 744 3990 72:
776 3939 843 3991 ‘Den
866 3936 909 3990 bei
927 3935 1024 3990 Fronto
1047 3937 1251 4005 gewdhnlichen
1275 3937 1345 3992 Grad
1368 3956 1428 3992 von

310 4022 468 4078 Albernheit
479 4025 627 4094 iibersteigt
639 4041 676 4095 es,
696 4043 773 4080 wenn
787 4027 816 4079 in
830 4027 876 4080 der
889 4024 1066 4093 Schilderung
1084 4026 1132 4078 der
1150 4027 1276 4080 lriiheren
1288 4027 1427 4080 Zusttinde

310 4113 403 4180 gesagt
420 4112 488 4166 wird
507 4114 588 4168 ‘haud
607 4144 641 4152 -
656 4114 762 4183 jacere'.
799 4115 871 4168 Eher·
894 4113 970 4169 sollte
994 4131 1056 4168 man
1081 4115 1151 4168 noch
1175 4114 1271 4168 immor
1288 4115 1359 4168 lanei
1379 4131 1426 4168 er-

310 4201 420 4256 warten.
457 4201 575 4258 liberes
594 4203 662 4256 wird
681 4202 751 4256 wohl
770 4201 892 4258 ‘lanceas‘
912 4219 946 4256 zu
964 4202 1105 4258 schreiben
1123 4204 1179 4258 und
1197 4220 1232 4259 an
1249 4202 1346 4258 leichte
1365 4204 1427 4258 und

310 4288 430 4357 elegante
448 4289 618 4359 Jagnspiesse
640 4309 674 4345 zu
692 4292 796 4346 denkeu
815 4289 889 4346 sein’
