3110 4982
864 381 884 441 8

319 591 430 653 quom
449 571 526 652 jam
549 571 588 657 τῇ
612 564 730 655 δεκάτη
755 559 800 655 [d'
819 558 892 656 ἤδη]
917 559 1109 654 ιίνεηαίνετο
1125 563 1246 651 πατρίς
1262 557 1428 654 ίίρονρα.33)

320 677 411 752 Quod
442 697 500 759 per
532 677 615 758 ‘jam’
651 681 682 740 et
713 667 799 764 ‘loq‘
833 675 920 737 idem
955 675 1153 757 exprimitur,
1184 674 1217 734 in
1252 675 1312 737 hoo
1342 677 1430 738 nulla

319 783 450 846 offensio
475 802 545 846 esse
567 787 678 866 potest.
725 782 769 845 Ut
793 784 879 845 enim
905 789 1021 844 natura
1048 782 1145 861 citati,
1172 781 1257 862 quod
1286 781 1430 863 dicimus

318 890 389 967 fert,
414 891 565 953 orationis
589 892 761 953 continuae
785 895 816 952 et
839 888 1012 952 verborum
1041 879 1244 950 laudatorum
1272 893 1431 951 structura

319 1017 564 1078 nonnumquam
587 1017 652 1060 non
676 1016 810 1079 prorsus
832 997 916 1059 inter
939 1015 974 1059 se
997 999 1188 1077 congruunt.
1223 993 1260 1055 F.
1283 1015 1311 1077 g.
1335 995 1431 1058 verba

318 1102 452 1166 Homeri
477 1103 526 1166 Od
549 1128 571 1166 α
588 1104 627 1164 57
653 1093 754 1188 αίτὰρ
775 1094 944 1178 Ὀδυσσεὺς
963 1094 1097 1184 Ἶέμενος
1118 1098 1175 1164 καὶ
1199 1095 1325 1171 καπνὸν
1348 1093 1432 1166 ἀνιο-

320 1205 516 1296 θρώσκοντα
551 1211 666 1296 νοῆσαι
694 1197 756 1286 Ἦς
791 1205 884 1297 γαίηδΙ
918 1206 1050 1272 θανέειν
1085 1203 1244 1294 ἱμείρεται
1272 1210 1317 1271 ita
1344 1229 1362 1271 a
1389 1208 1430 1273 M.

322 1315 457 1380 Caesare
480 1338 509 1400 p.
535 1317 575 1378 10
599 1337 628 1378 v.
654 1316 694 1377 26
719 1317 906 1379 laudantur:
935 1315 1075 1379 Somnus
1103 1322 1209 1378 autem
1233 1315 1365 1378 Ulixem
1392 1335 1432 1379 ne

322 1425 457 1506 patriam
490 1423 618 1506 quidem
654 1443 746 1486 suam
781 1423 837 1484 diu
873 1418 1108 1508 [absentante
1144 1441 1317 1504 agnoscere
1353 1425 1433 1504 sirit,

323 1533 385 1612 cuj
393 1551 437 1594 us
460 1527 517 1593 καί
533 1524 659 1594 καπνὸν
678 1521 944 1614 ἀποθρώσκοντα
962 1531 1074 1616 νοῆσαι
1090 1517 1156 1606 Ἦς
1178 1525 1289 1616 γαίης
1304 1525 1434 1592 θανέειν

325 1632 494 1722 ἱμείρεται.
540 1637 692 1700 Similiter
707 1635 825 1700 Fronto
840 1657 869 1719 p.
888 1638 929 1698 95
945 1657 974 1697 r.
992 1637 1034 1697 24
1058 1657 1104 1718 sq.
1130 1638 1196 1720 ‘ego
1213 1657 1288 1699 curn
1310 1638 1345 1698 in
1368 1657 1434 1700 ora-

322 1743 464 1806 tionibus
486 1745 601 1806 restris
619 1745 754 1826 vestigia
769 1749 896 1807 nostrae
915 1749 1019 1806 sectae
1037 1743 1300 1825 animadvertam,
1320 1740 1435 1830 γέγηθε

325 1850 360 1914 da
391 1847 492 1938 ηρένα
523 1846 639 1937 Λητώ.
691 1849 738 1912 Et
769 1853 796 1914 si
827 1855 913 1913 recte
944 1849 1142 1913 Klussmann
1176 1851 1196 1913 l.
1220 1871 1245 1913 o.
1276 1871 1305 1932 p.
1331 1852 1371 1912 78
1401 1851 1435 1911 in

324 1956 432 2020 verbis
455 1956 560 2019 Princ.
584 1957 656 2020 hist.
679 1986 721 2004 =
744 1978 773 2040 p.
790 1958 854 2018 209
877 1977 906 2018 ν.
925 1957 944 2018 9
965 1977 1010 2038 sq.
1035 1959 1183 2040 ‘namquo
1207 1958 1319 2020 talium
1342 1958 1434 2019 faci-

324 2083 458 2126 norum
482 2083 580 2127 causa
602 2065 697 2126 facti
718 2064 804 2146 latet,
825 2064 945 2126 lactum
969 2064 1140 2148 spectatur’
1164 2065 1343 2128 hexametri
1365 2085 1434 2146 par-

323 2175 389 2233 tem
412 2171 542 2252 agnam
564 2171 673 2234 talem:

525 2276 613 2339 Facti
646 2297 742 2340 causa
775 2277 861 2360 latet,
891 2278 1013 2340 fartum
1043 2282 1212 2360 spectatur,

324 2385 420 2446 etiarn
442 2384 495 2446 hic
517 2384 608 2447 locus
631 2384 705 2446 addi
727 2387 841 2466 potest,
865 2387 982 2468 quippe
1006 2405 1070 2466 quo
1094 2384 1247 2447 alteruter
1267 2385 1436 2466 genetivus

326 2510 583 2574 supervacaneus
611 2491 665 2570 sit3
701 2491 734 2552 id
758 2491 844 2573 quod
867 2511 905 2554 ea
927 2497 1054 2555 tantum
1082 2492 1268 2554 condicione
1292 2492 1438 2554 excusari

326 2601 437 2680 potest,
459 2602 497 2659 ut
523 2597 622 2660 verba
647 2599 754 2660 ‘causa
780 2634 824 2642 —
853 2599 1024 2681 spectatur'
1051 2619 1117 2660 non
1143 2599 1246 2681 ipsius
1271 2597 1438 2660 Frontonis

327 2723 398 2767 esse
421 2703 478 2766 sed
501 2723 542 2767 ex
565 2703 672 2785 aliquo
695 2709 787 2785 pocta
810 2704 914 2768 afferri
937 2705 1137 2771 arbitremur.
1184 2704 1332 2767 Of.rnf1·a
1356 2725 1385 2788 p.
1398 2705 1437 2766 40

327 2815 359 2872 et
383 2809 422 2872 de
446 2811 543 2872 simili
566 2810 707 2892 quodam
730 2812 876 2894 exemplo
900 2811 1116 2875 Frontoniano
1141 2812 1213 2874 adn.
1239 2813 1288 2876 91.

417 2912 470 2987 Ad
491 2912 536 2985 Μ.
562 2912 653 2988 (laos.
677 2911 704 3004 Ι,
728 2914 748 2986 7
771 2946 813 2965 --
834 2939 865 3010 p.
884 2916 923 2988 19
946 2939 976 2988 v.
995 2916 1034 2989 18
1047 2939 1095 3012 sq.
1128 2919 1246 2981 Fronto
1269 2920 1438 2982 immodico

329 3023 501 3087 verborum
524 3034 651 3087 tumore
673 3024 836 3109 gloriatur,
860 3027 946 3108 quod
972 3026 1013 3088 M.
1038 3025 1155 3090 Cacsar
1175 3028 1258 3108 patri
1280 3025 1349 3088 Tito
1373 3026 1439 3087 An-

329 3133 441 3194 tonino
455 3135 592 3214 'partem
620 3133 772 3194 orationis
801 3154 821 3196 a
847 3133 1006 3196 Frontone
1035 3134 1171 3216 scriptae
1202 3134 1324 3216 legerit.
1371 3131 1439 3194 Hac

329 3256 364 3300 re
387 3256 421 3300 se
445 3237 594 3300 omnibus
619 3239 815 3321 quicumque
847 3246 922 3303 ante
949 3259 984 3303 se
1011 3241 1149 3303 similem
1175 3240 1310 3322 gloriam
1338 3240 1440 3321 adepti

330 3350 446 3425 essent,
474 3349 644 3428 praestare.
690 3345 811 3429 Pergit:
845 3349 914 3410 ‘neo
946 3347 1012 3410 ulla
1035 3365 1192 3428 umquam
1224 3366 1339 3410 scaena
1371 3349 1439 3408 tan-

420 3610 466 3682 33)
488 3613 531 3664 Ita
549 3610 679 3665 Naberus.
716 3612 768 3664 Sed
792 3611 879 3680 Majus
897 3613 926 3665 in
951 3613 1074 3666 omnibus
1099 3611 1185 3665 tribus
1210 3611 1385 3663 editionibus:
1408 3611 1441 3680 ag]

331 3699 354 3752 δ’
372 3697 420 3767 ἤδη
444 3698 539 3771 δεκάτη
564 3691 720 3770 ἀνεφαίνετο
745 3709 838 3771 πατρὶς
857 3699 964 3772 ἄρουρα,
989 3719 1042 3754 non
1062 3700 1161 3753 monito
1180 3700 1277 3752 lectore
1297 3701 1329 3751 de
1347 3699 1441 3752 lacuna

331 3791 358 3842 et
376 3789 489 3842 duorum
508 3789 650 3842 vorbormn
668 3787 762 3860 δεκάτη
782 3793 809 3842 et
827 3788 849 3840 δ’
867 3789 917 3856 ἤδη
936 3791 1028 3843 ordine
1047 3789 1195 3843 immutato.
1340 3786 1347 3795 ’

421 3879 466 3946 34)
485 3878 548 3934 Cod.
568 3878 610 3930 ‘ne
628 3878 743 3944 patriam
762 3879 870 3946 quidem
890 3879 937 3931 diu
961 3880 1116 3948 agnasoaret
1139 3875 1221 3945 sivit',
1258 3876 1439 3930 Heindorfius:

334 3966 461 4020 ‘interdiu
479 3982 623 4035 agnoscere
642 3965 724 4020 sirit’.
760 3966 913 4020 Jacobsius:
934 3967 975 4020 ‘ne
994 3967 1108 4035 patriam
1127 3966 1276 4034 quaesitam
1289 3965 1337 4017 diu
1349 3982 1440 4033 agnos-

334 4056 421 4111 ceret'.
458 4056 609 4122 Utrumque
634 4071 687 4108 non
714 4055 853 4109 satisfacit.
898 4054 1020 4109 Fortasse
1047 4057 1118 4109 recte
1145 4053 1265 4109 Jacobsii
1292 4054 1441 4121 conjectura

333 4147 377 4199 usi
396 4147 557 4200 scribemus:
588 4145 630 4196 ‘ne
648 4143 762 4211 patriam
781 4143 889 4212 quidem
909 4145 1107 4213 [quaelsitam
1131 4146 1178 4198 diu
1201 4159 1343 4211 agnoscere
1362 4143 1440 4196 sivit'.

334 4233 386 4287 Sed
413 4235 547 4302 praestare
569 4233 678 4285 videtur
705 4233 776 4299 quod
802 4233 831 4284 in
857 4235 935 4285 textu
959 4232 1021 4285 dedi
1044 4236 1151 4301 propter
1168 4233 1248 4286 Hom.
1267 4231 1315 4287 Od.
1335 4232 1360 4283 V
1380 4232 1440 4286 188:

333 4321 411 4376 είὸιινν
429 4326 458 4374 ἐν
475 4329 534 4393 γαίη
555 4327 684 4392 πατρωίη,
704 4311 768 4373 οὐδὲ
783 4327 828 4389 μὶν
846 4328 915 4392 ἔγνω
934 4318 983 4388 ἤδη
1002 4319 1062 4374 div
1080 4313 1199 4376 ἀπεών.
