3110 4982
865 427 906 488 42

331 619 461 700 quitatis
494 617 655 680 studiosus
688 622 753 679 tarn
785 619 919 679 recentis
952 615 1113 698 scriptoris
1146 633 1275 677 versum
1306 615 1444 698 usurpa-

329 725 420 804 verit,
452 725 546 786 etiam
576 723 702 787 Horatii
729 728 760 786 et
793 723 923 806 Vergilii
950 721 1056 784 verbis
1079 723 1190 802 utitur,
1214 721 1250 786 cf.
1274 721 1317 784 M.
1341 720 1443 784 Hertz

329 829 473 893 Renciss
498 851 528 892 u.
552 829 677 892 Rococo
701 850 730 912 p.
746 830 797 891 48.

417 931 470 1006 Ad
491 931 611 1007 Aulon.
635 931 718 1028 Imp.
741 931 768 1022 I,
801 933 885 1006 3Ξ
907 955 939 1026 p.
966 930 1036 1019 101,¹
1065 930 1098 1003 9:
1132 932 1217 996 Deos
1250 953 1367 1016 quaeso
1403 936 1445 996 sit

330 1043 441 1105 salvus
465 1046 559 1124 sator,
584 1043 672 1106 salva
696 1044 760 1106 sint
784 1045 861 1117 sata,
890 1041 980 1103 salva
1004 1059 1094 1123 seges
1118 1042 1169 1121 sit,
1198 1059 1280 1123 quae
1307 1045 1373 1102 tam
1402 1042 1444 1103 si-

329 1149 421 1212 miles
444 1147 617 1232 procreut.].
663 1149 829 1212 Facillimo
852 1153 979 1234 negotio
1007 1149 1186 1213 restituitur
1213 1147 1399 1210 hexameter
1427 1166 1444 1209 e

328 1256 434 1338 prisca
456 1257 545 1337 poesi
568 1256 767 1339 desumptus
791 1259 848 1340 qui
871 1257 964 1320 valde
988 1256 1096 1318 vivide
1120 1255 1341 1317 allitterutione
1358 1273 1444 1317 com-

329 1361 512 1424 mendatur:
720 1337 727 1356 ⁸

419 1466 527 1530 Salvu’
552 1455 637 1530 sat'or
660 1470 709 1550 sit,
733 1471 822 1534 salve.
846 1473 929 1534 sient
953 1478 1030 1552 satu,
1056 1471 1145 1534 salva
1168 1487 1259 1551 seges
1283 1469 1331 1530 sit.

420 1572 512 1648 Quod
536 1575 607 1637 talis
630 1575 803 1639 verborum
827 1578 903 1639 ordo
919 1576 1044 1642 ‘Salvus
1068 1582 1153 1640 sutor
1172 1574 1223 1638 sit’
1246 1576 1281 1636 in
1297 1575 1443 1657 margine

329 1681 454 1763 legitur,
483 1681 542 1744 hoc
565 1682 686 1744 nullius
711 1685 865 1746 momenti
888 1702 956 1746 esse
979 1688 1090 1767 potest.
1137 1681 1286 1745 Ceterum
1310 1699 1350 1743 ne
1384 1682 1443 1742 mi-

328 1789 409 1851 reris
431 1789 467 1849 in
491 1788 602 1850 eodem
628 1809 724 1852 versu
747 1791 878 1872 copulae
898 1790 1032 1852 formum
1054 1794 1085 1854 et
1107 1790 1245 1852 solutam
1268 1791 1299 1850 et
1315 1805 1442 1868 correp-

328 1898 393 1956 tam
418 1894 454 1956 ci.
484 1913 509 1956 e.
537 1915 565 1976 g.
589 1893 655 1958 Ter.
683 1896 782 1958 Andr.
810 1897 852 1977 H,
877 1897 924 1978 5,l
980 1897 996 1959 I
1024 1897 1178 1959 nunciam
1208 1895 1304 1973 intro,
1334 1911 1376 1955 nc
1407 1896 1444 1953 in

328 2019 433 2081 mora,
468 2019 567 2082 quom
602 2021 683 2083 opus
719 2008 768 2084 sit,
803 2005 874 2066 sies.
929 2002 996 2066 Ter.
1028 2001 1146 2066 Heaut.
1178 2001 1235 2081 IV,
1261 2000 1309 2081 1,7
1345 1999 1443 2060 timeo

329 2104 408 2189 quid
432 2107 480 2168 sit.
516 2105 569 2168 Oh.
599 2109 678 2190 quid
707 2110 788 2171 siet?
833 2109 967 2192 Adelph.
991 2109 1147 2190 lIl,2,56.
1194 2106 1278 2170 Eun.
1303 2104 1442 2185 111,5,7.

327 2210 445 2292 Hecyr.
473 2211 625 2292 1V,=1,52
663 2219 694 2277 et
727 2216 777 2277 58.
812 2215 850 2296 V,
876 2216 955 2297 l,40.
1001 2215 1128 2279 Phorm.
1163 2214 1203 2294 V,
1227 2213 1287 2293 4,6.
1338 2211 1442 2274 Plnut.

329 2315 398 2380 Cas.
426 2316 484 2400 IV,
507 2319 567 2400 4,3.
613 2320 727 2402 Amph.
755 2321 780 2403 I,
806 2322 864 2402 l,5.
910 2319 1311 2403 Mi1.11,2,72et5,39.
1356 2317 1442 2379 Trin.

327 2425 385 2508 III,
406 2427 486 2507 2,68.
534 2426 625 2490 Ourc.
649 2426 708 2508 III,
727 2428 784 2509 1,2.
831 2427 914 2491 Men.
938 2429 979 2510 II,
996 2427 1077 2509 2,66.

416 2532 485 2595 lam
509 2534 692 2596 accedimus
717 2535 757 2597 ad
781 2554 895 2598 versus
912 2534 1068 2616 jumbicos
1088 2533 1337 2614 trochaicosque,
1361 2550 1444 2613 quos

328 2655 369 2699 ex
393 2641 526 2722 antiqua
548 2639 657 2702 fabula
680 2641 811 2704 haustos
835 2661 915 2722 esse,
937 2641 1109 2704 verisimile
1133 2643 1187 2702 est.

416 2744 458 2808 Et
479 2748 622 2829 primum
651 2747 784 2831 quidem
815 2749 922 2811 nescio
956 2768 996 2810 en
1028 2752 1112 2810 recte
1135 2745 1336 2809 Klussmunn
1365 2745 1385 2807 l.
1418 2764 1444 2806 c.

328 2870 356 2932 p.
383 2852 424 2913 78
448 2872 490 2914 ex
513 2852 620 2916 verbis
643 2873 674 2944 p.
697 2849 759 2923 106
781 2874 812 2922 ν.
835 2851 853 2922 1
881 2849 950 2932 (Ad
971 2849 1091 2924 Antoni
1114 2848 1195 2943 Imp.
1218 2845 1263 2938 H,
1281 2847 1319 2930 2)
1350 2851 1443 2914 ‘Atti-

329 2959 375 3020 cis
387 2959 579 3041 propinque
602 2959 751 3039 thymum
775 2961 1018 3044 serpyllumque
1038 2960 1232 3040 hymettiurn
1250 2959 1444 3020 ruminanti-

328 3062 389 3126 bus
414 3064 512 3141 viris’‚
539 3084 621 3147 quae
645 3085 718 3128 cum
742 3070 807 3130 tota
829 3069 947 3148 pagina
970 3068 1107 3150 perierit,
1130 3085 1219 3127 nune
1242 3065 1277 3126 in
1297 3065 1444 3147 margine

327 3169 490 3252 leguntur,
513 3171 601 3234 hunc
624 3191 752 3235 versum
773 3173 973 3253 formaverit:

390 3265 395 3277 Ι

372 3286 488 3348 Atticis
512 3287 661 3366 thymum
683 3289 903 3372 propinquum
928 3289 1170 3371 serpyllumque
1193 3287 1395 3367 hymettium.

416 3390 463 3454 Ea
486 3393 572 3455 enim
595 3393 709 3455 horum
733 3393 904 3457 verborum
928 3396 1086 3458 sententie.
1110 3402 1165 3477 est,
1198 3400 1234 3458 ut
1261 3395 1318 3457 vix
1349 3393 1443 3456 intel-

326 3499 433 3580 legere
460 3500 631 3581 possimus,
666 3500 825 3582 quomodo
859 3500 898 3564 ab
930 3503 999 3584 ipso
1027 3499 1188 3566 Frontone
1224 3503 1341 3584 scripta·
1372 3519 1443 3562 esse

326 3607 464 3688 possint,
497 3605 552 3668 sed
576 3607 683 3668 nescio
708 3624 767 3668 cur
789 3606 988 3671 Klussmann
1013 3609 1126 3672 ultima
1150 3608 1248 3673 verba
1280 3608 1444 3691 spreverit,

328 3731 409 3793 quae
438 3712 465 3773 si
498 3731 572 3774 cum
605 3713 767 3794 prioribus
799 3716 1053 3797 conjunguntur,
1085 3722 1154 3779 tum
1186 3717 1317 3779 demum
1348 3717 1443 3796 aptus

326 3983 403 4052 epieo
421 3983 581 4052 heroicoque
601 3985 691 4052 poesis
709 4002 805 4052 genere
823 3987 936 4054 petitum
956 4003 1021 4054 esse,
1047 4005 1108 4040 cum
1127 3989 1158 4042 A.
1178 3987 1253 4041 Plew
1278 3987 1443 4040 demonstra-

326 4071 404 4139 verit,
422 4072 523 4126 ceteros
536 4073 685 4126 carminum
698 4073 942 4129 hexametricorum
955 4071 1098 4142 scriptores
1111 4076 1223 4129 minime
1243 4093 1259 4130 a
1271 4074 1443 4142 tetrasyllabo

326 4159 402 4214 exitu
430 4134 619 4250 abhorJuisse?
648 4161 682 4214 Et
710 4164 821 4216 fortasse
840 4193 875 4202 —-
894 4165 943 4217 sed
961 4180 1056 4219 moneo
1081 4165 1206 4219 ‘iniusso'
1231 4163 1443 4229 medice1·e,de

325 4247 443 4302 Aemilio
466 4248 556 4304 Macro
579 4251 694 4318 cogitare
718 4267 868 4318 possumus,
896 4253 943 4321 qui
965 4252 1079 4320 Vergihi
1102 4252 1222 4320 aequalis
1245 4253 1298 4306 fuit
1323 4251 1442 4306 ornitho-

328 4336 488 4407 goniamque
507 4339 623 4409 scripsit,
643 4340 676 4394 cf.
695 4339 796 4393 Teuffel
813 4340 905 4396 Roem.
924 4340 975 4395 Lit.
995 4340 1083 4408 gesch.
1103 4340 1115 4378 ³
1133 4341 1193 4409 223,
1213 4341 1230 4395 6
1249 4345 1276 4394 et
1294 4342 1318 4398 7.
