3078 4984
639 1490 684 1564 I.

338 1665 645 1783 lnonlationos
674 1665 984 1782 Frontonianae.

564 1958 765 1981 ...η-4.*-

194 2170 315 2252 ‘Etiam
342 2189 515 2276 lamminae
543 2188 704 2250 interdum
729 2187 925 2270 argentiolao
953 2187 1068 2250 cloacis
1095 2192 1221 2256 inveni·

109 2299 219 2374 untur3
251 2315 329 2358 eane
352 2314 387 2357 ra
410 2296 534 2357 cloacas
558 2295 743 2376 purgandas
765 2292 993 2357 redimemusi’
1038 2293 1099 2357 His
1123 2293 1222 2358 Fron-

43 2423 45 2428 ’
106 2403 192 2464 tonis
212 2399 347 2483 verbisl)
371 2420 484 2464 vereor
506 2420 547 2463 ne
570 2401 674 2483 multi,
697 2399 753 2463 ubi
768 2402 804 2462 in
820 2401 917 2482 hujus
933 2401 1034 2483 ipsius
1051 2400 1222 2467 Frontonis

107 2511 245 2591 ejusque
281 2509 512 2590 discipulorum
547 2509 792 2590 amicorumque
827 2508 972 2590 epistulis
1008 2526 1136 2592 operam
1171 2528 1222 2572 me

107 2616 279 2678 collocasse
303 2615 451 2697 viderint,
475 2634 554 2677 naso
580 2615 769 2697 suspensuri
793 2614 866 2695 sint,
890 2613 977 2696 quod
1000 2619 1066 2677 tam
1081 2617 1222 2699 ineptam

106 2728 238 2803 tamque
261 2722 419 2804 pessimae
442 2725 536 2783 notae
559 2722 725 2783 materiem
748 2721 953 2803 potissimum
969 2722 1048 2783 mihi
1065 2723 1222 2805 elegerim.

108 2829 229 2892 Omnes
254 2830 349 2910 enirn,
378 2829 436 2910 qui
463 2829 514 2891 nel
541 2827 699 2890 breviculi
727 2827 878 2910 temporis
907 2827 1050 2891 studium
1079 2830 1222 2913 epistulis

107 2935 336 2998 Frontonianis
359 2937 613 3018 impertiverunt,
640 2937 766 3016 praeter
790 2953 893 2996 unum
916 2933 1079 3018 Angelum
1102 2935 1223 3018 Majum

107 3044 221 3124 nimio,
256 3043 311 3106 sod
348 3019 435 3122 oubd
465 3042 590 3132 ignosci
628 3042 729 3123 possit
766 3042 944 3132 inventoris
980 3061 1054 3126 erga
1091 3045 1224 3107 inventa

109 3168 219 3211 amone
242 3149 435 3232 perductum
459 3154 491 3211 et
514 3146 676 3231 quendam
699 3145 851 3209 imbecilli
875 3147 991 3228 judicii
1015 3150 1120 3212 virum
1150 3151 1224 3213 doc-

108 3251 222 3339 tunn2),
256 3256 311 3336 qui
338 3257 374 3317 in
400 3253 507 3317 libello
536 3253 575 3315 de
603 3252 773 3315 Frontonis
804 3255 951 3336 reliquiis
986 3255 1101 3337 scripto
1136 3256 1225 3319 futti-

107 3361 242 3423 lissimis
265 3360 444 3423 rationibus
468 3361 615 3422 evincere
639 3360 756 3441 studet,
780 3359 981 3423 ‘Frontonem
1006 3362 1135 3442 quidem
1160 3383 1225 3426 non

107 3467 205 3550 plane
229 3467 463 3548 claritudinem,
487 3488 550 3548 qnia
573 3468 661 3550 prius
685 3467 839 3548 floruerit,
862 3468 962 3529 multo
986 3471 1092 3530 tannen
1117 3470 1226 3532 minus

109 3571 314 3655 oblivionem,
343 3595 409 3656 qua
442 3575 541 3657 vulgo
576 3574 711 3655 sordeat,
745 3578 861 3637 mereri
895 3578 926 3637 et
961 3577 1091 3638 omnino
1125 3576 1226 3640 fuisse

108 3681 219 3742 vin-unu
254 3681 408 3763 optimum
444 3679 572 3743 dicendi
604 3681 698 3764 longe
729 3700 794 3742 non
824 3680 1020 3763 imperitum’
1049 3701 1226 3746 —omnes

108 3788 211 3868 igitur
233 3791 358 3869 practer
380 3787 438 3850 hos
462 3785 572 3849 ambos
596 3788 630 3848 in
654 3807 691 3848 eo
715 3787 929 3868 consentiunt,
957 3787 1037 3849 nihil
1065 3788 1115 3850 his
1143 3789 1227 3871 frag-

109 3893 230 3954 mentis
253 3894 392 3976 ineptius
417 3894 548 3976 cogitari
571 3912 672 3975 posse.
718 3893 837 3955 Tamen
861 3894 888 3956 si
913 3912 983 3956 eam
1005 3897 1126 3956 tantum
1143 3893 1227 3957 litte-

108 4055 324 4062 *ὑφ-...-

204 4141 230 4210 1)
253 4141 296 4194 Ad
319 4140 354 4193 M.
373 4141 472 4193 Anton.
502 4139 542 4191 De
561 4137 700 4193 orationib.
729 4155 754 4206 p.
774 4139 824 4192 lb?
844 4156 870 4192 v.
890 4141 905 4193 1
925 4155 963 4206 sq.
995 4139 1092 4193 Nabar.
1117 4139 1228 4208 Semper

111 4229 288 4283 novissimam
308 4230 453 4282 editionem
472 4245 487 4282 a
505 4228 612 4282 Nabeno
631 4229 751 4280 curatam
769 4227 918 4281 citabimus

205 4357 231 4423 2)
250 4352 486 4421 Philibont·Soupe
504 4354 544 4407 De
566 4352 703 4406 Frontonis
722 4351 844 4420 reliquiis
865 4352 989 4406 Ambiani
1008 4353 1077 4407 1853
1095 4371 1120 4421 p.
1141 4355 1200 4409 125.

1013 4456 1028 4508 1
