3110 4982
648 427 688 488 13

112 619 184 678 ate
208 579 351 698 optinere
378 615 521 698 potuisti,
549 619 586 678 ut
609 616 689 678 mihi
713 614 810 677 verbo
835 614 971 678 salutem
994 613 1225 696 responderes’.

111 743 138 804 p.
166 723 207 784 79
231 741 261 784 v.
288 723 304 783 1
329 740 386 805 pro
410 739 447 784 eo
472 721 558 804 quod
582 723 679 785 unioe
702 726 829 785 rectum
853 725 908 803 est,
931 720 1064 784 ‘verum’
1089 721 1156 783 eod.
1180 740 1225 802 pr.

112 849 197 892 man.
230 827 386 892 ‘verbum'
411 790 541 922 exlribit.
588 828 753 892 Contrario
776 849 806 911 p.
833 829 883 909 65,
910 829 950 889 14
973 829 1008 890 in
1036 829 1123 890 linea
1145 827 1225 889 falso

110 980 213 1043 codex
241 979 328 1043 ‘veri'
358 981 467 1062 habet,
496 981 551 1045 sed
578 985 662 1044 reete
686 981 938 1063 superscriptum
964 985 1012 1042 est
1034 978 1063 1040 b.
1088 937 1225 1060 (Uadi).

113 1086 214 1149 Porro
243 1107 271 1170 p.
297 1087 338 1149 63
362 1107 391 1149 v.
418 1087 457 1148 17
495 1088 580 1170 apud
610 1087 775 1150 Naberum
798 1087 976 1150 invenitur:
1012 1085 1226 1169 ‘Insperatum

102 1198 217 1287 'autern
250 1198 346 1276 atque
368 1195 569 1277 inopinatum
592 1214 683 1258 vero
707 1195 844 1278 appel10,
880 1193 965 1277 quod
989 1198 1114 1275 praeter
1137 1212 1226 1274 spem

110 1304 207 1384 atque
238 1301 420 1384 opinionem
445 1301 645 1364 audientium
669 1305 725 1364 aut
747 1301 922 1384 legentium
945 1298 1095 1383 ponitur’.
1141 1298 1182 1362 H.
1205 1298 1225 1360 l.

110 1405 260 1470 Naberus
284 1408 365 1469 mira
388 1409 533 1472 socordia
545 1429 611 1472 non
627 1408 791 1471 adnotavit
806 1406 881 1488 Maji
899 1407 1114 1488 conjecturam
1131 1407 1225 1468 unioe

110 1532 219 1575 veram
252 1513 462 1597 ‘inopinatum
491 1516 611 1579 verbu
621 1515 674 1597 m’,
699 1535 762 1598 qua
789 1533 823 1577 re
847 1515 999 1596 deeeptus
1023 1510 1225 1576 Studemund

110 1620 128 1680 l.
153 1639 178 1682 o.
201 1641 231 1704 p.
244 1619 388 1703 XXXH,
413 1624 468 1705 qui
491 1623 521 1684 h.
544 1622 563 1684 l.
588 1622 689 1684 solam
711 1620 832 1684 Naberi
855 1621 1026 1683 editionem
1045 1621 1226 1701 inspexisse

112 1726 247 1808 videtur,
271 1729 383 1790 eadem
402 1730 586 1810 conjectura
604 1730 728 1811 primus
745 1747 857 1791 sanare
874 1726 933 1790 sibi
950 1728 1039 1790 visus
1056 1730 1103 1789 est
1118 1725 1226 1788 locum

107 1833 299 1913 jamdudum
321 1840 534 1917 persanatum.

198 1935 251 2010 Ad
277 1937 323 2011 M.
356 1937 447 2013 0668.
470 1938 569 2013 HI4
595 1973 638 2004 =
663 1963 694 2034 p.
718 1939 761 2013 43
788 1964 818 2013 v.
847 1938 870 2011 6
895 1960 942 2034 sq.
989 1940 1106 2004 Fronto
1139 1945 1224 2024 post-

113 2066 211 2128 quam
244 2049 279 2108 in
313 2049 463 2112 omnibus
497 2050 594 2116 rebus
618 2049 763 2114 Caesaris
787 2050 871 2112 dieto
895 2067 928 2112 se
953 2048 1135 2111 audientem
1157 2047 1224 2109 fore

112 2152 283 2216 affirmavit
305 2155 425 2219 hancce
449 2158 617 2239 epistulam
642 2157 742 2219 addit:
768 2155 895 2218 ‘Clausa
914 2157 982 2238 jam
1006 2153 1225 2244 etlobsignata

112 2260 248 2341 epistula
271 2263 376 2344 priore
399 2265 488 2326 venit
511 2265 589 2326 mihi
612 2265 645 2327 in
669 2268 809 2326 mentem
832 2263 900 2326 fore
922 2263 971 2325 uti
987 2259 1059 2346 ei43)
1077 2261 1133 2343 qui
1152 2280 1225 2322 oau-

112 2385 179 2427 sam
208 2366 292 2429 hano
320 2374 415 2450 agent
449 2405 492 2416 ψ
527 2372 630 2433 acturi
657 2375 764 2434 autem
795 2369 975 2452 complures
1007 2368 1160 2430 videntur
1183 2403 1216 2412 --

112 2471 219 2535 dioant
250 2473 371 2557 aliquid
402 2477 437 2538 in
460 2476 622 2541 Herodem
653 2479 892 2557 inclementius3
926 2477 978 2539 cui
1001 2477 1047 2539 rei
1072 2473 1225 2557 quemad·

110 2580 242 2642 modum
266 2601 321 2644 me
345 2602 459 2646 unum
478 2590 584 2667 putas,
606 2583 772 2668 prospice}
819 2583 922 2658 Quam
941 2585 1085 2666 ineptum
1103 2583 1143 2645 sit
1165 2582 1225 2643 ‘me
1249 2617 1253 2624 ·

111 2687 234 2770 unum’,
257 2690 344 2752 oaeoi
359 2690 523 2756 videbunt.
550 2690 637 2775 Oonj.
653 2690 954 2776 ‘quemadmodum',
966 2709 1095 2752 verum
1111 2685 1224 2772 putas!

111 2795 146 2856 of.
180 2795 293 2858 eodem
327 2797 508 2880 significatu
539 2819 671 2862 verum
704 2803 894 2882 usurpatum
927 2818 955 2881 p.
980 2798 1021 2858 42
1047 2818 1076 2859 v.
1102 2796 1118 2857 1
1143 2796 1225 2880 ‘pro-

111 2901 202 2963 telari
235 2903 388 2966 conviciis
417 2905 512 2968 talem
536 2926 555 2968 a
578 2925 629 2969 me
652 2907 759 2968 virum
783 2926 850 2968 nou
873 2910 919 2968 est
942 2903 1075 2968 verum’.
1122 2901 1226 2966 Causa

112 3009 309 3092 corruptelae
351 3011 465 3074 ultima
507 3011 597 3076 verbi
639 3011 932 3095 ‘quemadmodum'
971 3012 1077 3074 littera
1111 3010 1225 3072 vitiose

110 3115 222 3179 iterata
257 3121 288 3179 et
321 3117 499 3182 litterarum
533 3142 557 3182 u
580 3125 651 3184 ete
681 3121 757 3184 ordo
792 3119 872 3182 falso
904 3119 1093 3180 immutatus
1125 3115 1224 3178 fuisse

110 3221 244 3285 videtur.

196 3323 250 3400 Ad
271 3325 317 3401 M.
343 3326 434 3402 Gaea.
458 3325 511 3402 HI
533 3357 574 3393 :
596 3354 627 3426 p.
651 3332 694 3404 45
718 3355 748 3405 v.
772 3331 822 3404 10.
860 3333 1046 3417 ‘Imaginem
1072 3351 1169 3414 quam
1192 3334 1223 3392 te

111 3453 263 3516 quaerere
286 3438 332 3500 ais
357 3457 472 3522 meque
495 3439 554 3502 tibi
577 3442 699 3503 sooium
720 3441 760 3502 ad
777 3441 999 3522 quaerendum
1015 3444 1047 3503 et
1062 3439 1224 3521 optionem

111 3539 265 3629 sumis44),
297 3565 377 3607 num
405 3546 538 3610 moleste
561 3547 651 3629 soree,
679 3549 706 3610 si
729 3549 764 3609 in
787 3553 852 3610 tuo
876 3553 973 3630 atque
995 3547 1031 3609 iu
1053 3546 1102 3607 tui
1124 3545 1223 3628 patris

110 3649 183 3711 sinu
215 3650 248 3712 id
278 3650 466 3736 futurum45)
500 3653 695 3738 quaeramll.
741 3653 851 3738 Imago
883 3674 980 3738 quam
1004 3651 1224 3734 discipulusa

110 3757 259 3838 magistro
283 3760 430 3842 petierat,
457 3780 618 3843 quamque
641 3762 668 3824 is
688 3762 754 3843 jam
778 3761 886 3843 mittit,
909 3761 986 3823 haeo
1010 3763 1069 3822 est:
1099 3757 1152 3821 ‘Ut
1175 3759 1223 3820 in-

198 4013 244 4082 43)
263 4031 277 4068 e
297 4017 449 4084 conjectura
466 4015 501 4068 M.
521 3976 633 4084 Hauptii
652 4015 748 4085 Opuse,
767 4017 809 4070 ΠΙ
827 4035 852 4085 p.
872 4019 931 4072 563.
952 4017 1008 4070 eod.
1028 4017 1067 4071 et.

198 4101 244 4171 44)
262 4104 451 4158 Anaooluthon
468 4106 541 4158 haud
560 4106 715 4174 infrequens
729 4108 770 4159 est
787 4107 816 4158 in
834 4107 879 4160 his
897 4106 1037 4174 epistulis:
1057 4108 1090 4162 of.
1112 4123 1133 4164 e.
1154 4125 1178 4176 g.
1197 4110 1221 4176 9,

117 4187 156 4240 10.
177 4189 219 4257 30,
238 4193 262 4248 2,
283 4193 325 4262 46,
345 4195 387 4253 14,
406 4193 449 4264 48,
477 4195 501 4249 4.
522 4196 564 4262 56,
595 4195 619 4248 3.
639 4196 681 4262 66,
710 4196 750 4250 24.
770 4193 813 4263 88,
842 4196 884 4250 13.
903 4197 946 4264 94,
974 4199 1007 4250 17
1035 4198 1062 4248 et
1088 4197 1121 4253 21
1153 4196 1222 4266 (aar.

112 4272 227 4332 Klussm.
241 4297 266 4347 p.
278 4281 311 4333 51
332 4283 359 4334 et
379 4283 440 4340 adn.
455 4282 591 4352 w.).)139,
606 4281 647 4337 10.
667 4283 790 4355 EbortuS,
809 4287 910 4340 utnon
929 4301 1015 4353 pauoa
1038 4285 1099 4356 alia,
1123 4288 1221 4344 omisit¹

201 4369 247 4436 46)
266 4369 307 4423 Ita
326 4372 391 4439 cod,
411 4372 457 4424 sed
476 4387 528 4426 seo.
547 4388 629 4425 manu
648 4372 765 4427 ‘fiotum’.
802 4374 936 4442 Sohopen:
956 4376 1101 4430 efflaturus,
