3110 4982
664 443 704 507 37

216 632 391 716 Postquam
424 579 582 722 vidimus,
616 633 702 696 haud
735 654 866 716 parram
896 640 1016 718 partem
1052 656 1171 715 eorum,
1203 641 1242 702 de

86 801 91 810 ,
129 739 246 822 quibus
281 742 424 822 quaestio
459 740 508 823 fit,
543 741 763 825 exemplorum
794 761 810 804 e
838 742 1000 805 veteribus
1032 744 1242 828 scriptoribus

129 846 330 929 desumptam
364 866 442 925 esse,
475 867 582 910 nonne
615 848 732 930 optimo
759 849 832 930 jure
863 868 905 912 ex
933 869 971 912 ea
993 868 1028 912 re
1052 852 1243 916 concludere

128 972 311 1036 possumus⁷
334 954 428 1016 etiam
454 973 471 1016 e
494 956 608 1017 ceteris
631 955 863 1018 allitterationis
887 957 1042 1040 exemplis
1066 959 1174 1021 omnia
1196 978 1242 1036 ea,

127 1059 183 1122 ubi
206 1060 348 1122 vividius
372 1065 403 1123 et
418 1060 557 1124 validius
576 1062 756 1125 allitteratio
775 1062 815 1124 ad
835 1082 928 1126 aures
948 1068 1075 1127 nostras
1086 1070 1243 1149 penetret,

129 1167 240 1230 eodem
275 1168 370 1230 modo
399 1169 550 1250 epriscis
586 1168 701 1232 litteris
735 1167 855 1231 Latinis
891 1169 1032 1232 derivata
1066 1172 1157 1234 esse?
1203 1173 1242 1254 Iu

130 1272 246 1354 quibus
269 1274 348 1337 haec
371 1276 511 1338 maxime
535 1294 682 1338 numero:
707 1275 924 1338 ‘subserviunt
947 1276 1006 1339 sub
1026 1279 1143 1361 jugum
1167 1279 1242 1342 sub-

129 1384 218 1443 actae
235 1379 317 1461 cip.
341 1380 419 1446 falsa
441 1381 558 1445 fiducia
581 1381 788 1444 multifariam
811 1382 932 1446 labitur
948 1383 1029 1465 62,2.
1052 1384 1148 1448 fortia
1165 1385 1242 1449 faoi-

129 1505 206 1549 uora
246 1487 382 1551 fecimus
428 1490 552 1570 204,2o.
593 1489 714 1572 stagnis
756 1487 876 1572 Stygiis
913 1491 1030 1573 228,25
1066 1487 1118 1577 [of.
1147 1491 1242 1576 Verg.

129 1717 185 1770 his:
210 1718 252 1771 fao
271 1735 314 1770 mc
332 1721 363 1770 ut
389 1717 472 1771 seiam
492 1719 571 1786 57,14
595 1717 661 1786 [Ter.
681 1717 778 1772 Heaut.
801 1718 905 1786 11,32]
930 1718 1044 1773 insidias
1068 1719 1138 1774 locat
1162 1723 1238 1789 215st

130 1807 178 1874 [Pl.
203 1806 271 1861 Rud.
297 1808 323 1860 ΙΙ
342 1808 410 1876 5,17.
435 1807 511 1861 Oura.
535 1806 636 1874 1125.
673 1805 759 1860 Lucil.
784 1806 838 1860 sa.
856 1805 993 1860 XXVIIII
1012 1809 1062 1862 117
1088 1809 1240 1880 (Mueller).]

129 1894 192 1961 quid
211 1895 280 1947 mihi
303 1895 438 1948 tecumst?
463 1896 542 1961 roal
568 1894 619 1963 [PL
638 1893 708 1949 Men.
722 1895 747 1946 V
760 1896 832 1964 234]
860 1911 1003 1950 aeurmnae
1020 1897 1132 1950 Herculi
1155 1899 1242 1964 203A.

130 1982 206 2048 15822
232 1983 281 2051 [Pl.
300 1984 378 2052 Epid.
402 1984 430 2036 ll
450 1984 516 2050 l‚10.
547 1982 620 2037 Pers.
645 1983 658 2035 I
679 1983 720 2050 1,2
746 1984 778 2037 cf.
806 1983 861 2038 Cio.
887 1984 919 2036 de
943 1984 988 2040 fin.
1014 1985 1049 2054 H,
1062 1987 1096 2041 35
1115 1987 1241 2043 Herculis

128 2087 269 2125 aerumnas
287 2073 397 2140 perpeti.
435 2064 479 2126 Sic
506 2073 577 2128 enim
602 2072 714 2140 majores
739 2073 822 2126 nostri
840 2072 944 2126 labores
962 2090 1015 2128 non
1034 2075 1174 2144 fugiendos
1192 2076 1240 2128 tri-

128 2160 246 2215 stissimo
273 2164 362 2216 tamen
391 2161 472 2214 verbo
497 2175 638 2214 aerumnas
665 2160 746 2214 etiam
765 2160 794 2212 in
813 2161 861 2215 deo
880 2162 1094 2219 nominaverunt.
1131 2163 1242 2232 Madvig

128 2249 161 2302 ad
179 2249 206 2304 h.
219 2249 237 2304 l.
257 2249 309 2303 duo
327 2249 450 2318 exempla
468 2238 646 2303 Frontoniana
663 2248 799 2316 ignorasse
814 2249 936 2318 videtur]
973 2250 1118 2306 Praeterea
1130 2253 1241 2307 fortasse

128 2336 259 2405 suspicari
287 2353 441 2405 possumus,
470 2337 507 2391 M.
532 2336 672 2390 Aurelium
698 2337 757 2404 35‚7
785 2337 820 2390 ‘et
844 2355 919 2392 meus
945 2355 986 2391 me
1011 2338 1095 2406 alipta
1119 2341 1241 2394 lancibus

127 2425 245 2492 urgebat’
261 2427 350 2494 Jocose
368 2443 448 2480 usum
467 2442 524 2479 esse
544 2425 651 2485 Catonis
669 2426 750 2479 verbo
768 2426 853 2480 nobili
872 2443 913 2495 ap.
935 2426 1043 2482 Sallust.
1058 2428 1133 2482 Catil.
1148 2430 1240 2497 5235:

128 2513 252 2568 ‘Catilina
271 2531 332 2566 oum
350 2515 471 2568 exercitu
490 2514 611 2568 faucibus
629 2513 723 2583 urget’.
736 2545 770 2552 —
783 2514 907 2588 Ceterum
925 2515 1059 2584 poeticum
1077 2517 1176 2570 iontem
1195 2533 1240 2571 su-

127 2602 216 2670 spicor
237 2603 330 2656 harum
352 2604 513 2658 dictionum:
538 2601 688 2656 mulcendis
706 2602 779 2671 volgi
797 2605 907 2658 auribus
925 2606 994 2667 221.
1015 2621 1076 2658 oum
1094 2605 1183 2660 labore
1201 2607 1240 2661 la·

126 2692 262 2745 bonosum
285 2692 364 2759 4823
393 2693 592 2762 argutissimum
617 2693 726 2748 strelam
752 2693 820 2760 55,8.
848 2683 984 2762 negotium
1009 2693 1077 2746 belle
1101 2710 1130 2747 se
1155 2695 1240 2762 dedit3

126 2780 232 2850 benest‚
261 2783 363 2849 gaudeo
389 2783 473 2850 tall.
501 2782 544 2850 [cf.
570 2781 610 2836 Pl.
637 2781 714 2842 Most.
738 2782 833 2850 Ι3,5Ο
860 2782 933 2835 Beue
961 2781 1050 2835 heroic
1075 2783 1183 2850 factum,
1214 2787 1241 2837 et

126 2871 229 2936 gaudeo
252 2887 290 2939 sq.
315 2872 341 2924 V
360 2870 420 2939 236
443 2871 517 2925 Bene
541 2870 630 2924 hercle
658 2873 770 2939 factum²
799 2872 826 2923 et
849 2871 950 2924 lactum
975 2872 1084 2938 gaudeo.
1116 2871 1196 2928 Poen.
1215 2873 1241 2926 V

126 2959 188 3026 5,47
215 2959 288 3013 uene
311 2958 425 3021 lactum!
454 2961 555 3028 gaudeo
577 2962 604 3012 et
628 2960 705 3028 volup
730 2961 771 3014 est
794 2959 871 3015 mihi.
916 2959 973 3012 Ter.
1001 2959 1109 3015 Phorm.
1137 2960 1162 3011 V
1180 2961 1241 3029 6,43

125 3047 209 3115 Bene,
228 3049 266 3102 ita
284 3066 326 3102 me
346 3050 373 3102 di
389 3053 485 3117 ament,
504 3050 612 3116 lactum,
637 3050 738 3116 gaudeo
757 3065 796 3118 sq.
833 3048 867 3102 Et
884 3047 1056 3116 paucissimis
1075 3049 1184 3102 mutatis
1202 3067 1237 3104 ex

125 3135 163 3190 Μ.
184 3137 304 3192 Caesarie
324 3139 414 3192 verbis
433 3139 510 3210 l5,l?
530 3137 618 3190 evadit
635 3153 739 3191 versus.

322 3225 396 3280 Belle
415 3243 443 3280 se
462 3223 536 3279 dedit
553 3225 697 3296 negotium,
717 3226 817 3294 benest,
838 3225 883 3293 [et]
904 3223 1024 3292 gaudeo]

127 3314 324 3382 aliquantulum
348 3315 458 3369 detrivit
480 3315 548 3367 mihi
572 3314 659 3383 aena.
688 3315 772 3368 vitam
797 3329 844 3381 pro
868 3312 1013 3378 unguiculo
1038 3316 1083 3366 tuo
1109 3314 1242 3368 dediderit

126 3404 214 3471 96‚13.
239 3404 271 3456 de
295 3404 407 3472 integris
431 3403 565 3472 tegoribus
590 3405 684 3465 lenit
711 3403 755 3471 [cf.
780 3401 898 3456 Studem.
920 3401 943 3466 1,
963 3417 985 3458 o.
1004 3418 1029 3469 p.
1049 3402 1156 3472 XXXI]
1181 3402 1241 3458 lusa

127 3493 164 3544 sit
192 3509 271 3560 opera
290 3510 324 3547 an
348 3493 435 3548 locata
460 3493 546 3561 ana.
570 3492 651 3546 ferias
676 3508 756 3560 quum
780 3491 888 3544 feriatas
912 3490 998 3558 223,1.
1023 3491 1131 3560 siquid
1155 3492 1241 3547 malae

126 3598 232 3650 pugnae
255 3582 383 3635 acciderit
407 3582 511 3648 anulo.
536 3581 692 3634 convivium
720 3580 824 3647 regium
853 3579 968 3647 agitares
992 3581 1096 3648 aaziae.
1122 3580 1241 3634 altilibus

128 3672 248 3722 veterum
273 3672 426 3738 saginarum
451 3671 554 3739 224‚17.
579 3670 608 3722 in
630 3669 774 3736 triumphis
800 3668 916 3720 mulsum
941 3669 1047 3737 saepius
1071 3669 1139 3723 bibit
1163 3670 1240 3738 226‚5

128 3759 207 3828 [quae
236 3759 317 3812 rerba
344 3760 443 3813 habent
473 3773 568 3812 sonum
592 3758 777 3826 trochaicuml.
805 3757 909 3825 potavit
938 3757 1003 3811 satis
1032 3763 1138 3810 strenue
1164 3757 1242 3826 aaut

126 3848 170 3916 (ol.
197 3848 293 3918 133,4).
319 3848 490 3917 prandiorum
519 3847 666 3915 opimorum
697 3863 799 3900 osorem
829 3846 960 3914 optimum
983 3845 1068 3916 226,9.
1093 3848 1241 3901 saturatum

125 3940 154 3989 et
176 3937 301 3990 feriatum
326 3937 429 4000 22624.
459 3952 545 4004 neque
568 3951 690 3992 mensum
719 3951 805 4004 neque
833 3950 947 4002 pensum
971 3933 1075 4003 atala.
1100 3935 1240 3990 materiam

125 4027 263 4080 cruentam
294 4027 380 4093 2535).
408 4025 507 4079 bellum
543 4024 658 4078 indixtei
688 4023 764 4091 lude,
799 4023 853 4077 otio
882 4022 967 4090 22V,6.
1001 4023 1104 4078 fabulas
1134 4026 1240 4078 nectere

126 4113 233 4183 178‚15.
265 4118 345 4183 caput
378 4113 512 4169 aemulum
547 4114 664 4168 nubibus
693 4112 790 4166 addere
821 4112 907 4179 216,4.
936 4113 987 4167 ileo
1025 4112 1141 4166 ubertim
1172 4114 1241 4184 74‚3.

125 4203 233 4270 168‚1a.
262 4204 336 4257 dictu
364 4201 552 4272 periculosum
572 4204 599 4255 et
627 4217 710 4270 paene
741 4201 924 4255 obstetricium
958 4202 1022 4271 [ubi,
1047 4201 1071 4254 si
1095 4201 1238 4255 scribimus

124 4291 306 4361 ‘periclosum’
326 4308 399 4346 more
418 4291 535 4360 antiquo,
555 4291 672 4360 optimus
691 4290 812 4344 senarius
830 4291 934 4346 evadit:

361 4379 435 4435 dictr'r
452 4378 612 4450 periclosum
631 4379 658 4433 et
675 4395 758 4449 paene
777 4377 979 4450 obstetriciuml.
