3078 4984
864 422 905 484 22

325 612 423 676 finein
436 613 584 676 mutilata
598 613 643 675 ita
659 611 887 695 suppleverim:
904 611 987 674 ‘Jam
1003 612 1095 694 prius
1107 613 1296 695 scripseram
1307 612 1374 694 tibi,
1390 632 1434 675 me
1526 669 1527 686 ,

328 721 432 782 umeri
465 720 573 784 dolore
603 724 759 783 vexatum
791 719 837 780 ita
869 717 1075 781 vehementer
1107 718 1253 801 quidem,
1289 723 1324 782 ut
1355 719 1435 781 illam
1526 705 1527 758 f

328 827 507 910 epistulam,
531 825 651 908 quaid
675 822 905 907 significabam,
936 823 1105 887 scribendo
1130 825 1205 888 dare
1236 845 1363 909 operam
1386 846 1435 888 ne-

329 934 469 1015 quirem3
495 932 552 996 sed
574 935 681 995 uterer
704 934 814 994 contra
838 949 959 994 morem
983 936 1128 995 nostrum
1153 931 1307 1014 [precaria
1322 931 1435 1015 manul.

329 1038 367 1104 cf.
394 1060 423 1122 p.
452 1038 491 1100 71
516 1059 544 1100 v.
570 1037 599 1101 6.

415 1140 468 1214 Ad
484 1139 531 1213 Μ.
552 1139 644 1214 Caes.
660 1138 767 1230 IV‚12
783 1177 826 1200 z
841 1163 872 1235 p.
890 1139 934 1213 74
951 1163 981 1212 v.
997 1137 1036 1213 21
1054 1162 1103 1236 sq.
1149 1144 1265 1208 Narrat
1281 1143 1341 1227 lla,
1362 1165 1436 1208 nou·

327 1270 508 1334 numquam
533 1269 566 1314 se
589 1269 696 1313 coram
726 1251 930 1332 paucissimis
962 1270 999 1313 ac
1028 1250 1286 1316 familiarissimis
1318 1253 1383 1316 suis
1404 1255 1436 1315 in

327 1358 370 1426 M.
404 1356 586 1439 Caesarem,
622 1357 708 1439 quod
744 1375 837 1438 saepe
869 1357 989 1419 tristior
1024 1377 1123 1439 quam
1156 1379 1215 1441 par
1247 1359 1374 1440 fuisset,
1407 1361 1437 1422 iu

327 1461 498 1548 coetum57)
532 1464 700 1526 hominurn
732 1482 923 1546 progressus
954 1468 1038 1527 esset
1070 1465 1120 1528 vel
1153 1466 1190 1526 in
1223 1466 1344 1529 theatro
1368 1485 1438 1530 con-

328 1571 455 1634 viviove
487 1569 585 1634 libros
618 1570 798 1651 lectitasaet,
831 1569 996 1640 absentem
1026 1571 1228 1653 gravioribus
1260 1571 1367 1635 verbis
1394 1573 1440 1634 in·
1528 1574 1529 1597 ¹

328 1681 458 1740 vectum
493 1695 575 1740 esse:
623 1675 713 1739 ‘Tum
749 1676 847 1758 igitur
881 1680 911 1738 te
949 1676 1069 1739 durum
1111 1682 1143 1741 et
1180 1679 1440 1761 intempestivum

327 1783 505 1865 hominem,
535 1783 682 1845 odiosum
707 1782 801 1844 etiam
833 1783 882 1844 ira
911 1785 1053 1865 percitus
1084 1783 1291 1866 appellabam.
1342 1784 1441 1866 uuor,

328 1891 452 1973 siquis
485 1890 568 1953 alius
602 1888 712 1952 eodem
746 1892 777 1950 te
810 1890 955 1952 convicio
988 1890 1138 1954 audiente
1171 1911 1222 1955 mo
1247 1892 1442 1972 detrectaret,

328 2016 432 2079 aequo
465 1997 571 2059 animo
602 1994 714 2057 audire
746 2013 812 2057 non
844 2000 994 2078 poteram.
1040 1996 1090 2059 Ita
1113 1997 1191 2058 mihi
1218 1998 1344 2061 facilius
1368 2003 1442 2080 erat,
1529 2032 1530 2118 p

326 2103 434 2185 ipsum
456 2102 577 2184 loqui,
610 2120 707 2183 quam
739 2101 818 2164 alios
850 2101 890 2164 de
924 2086 955 2165 te
987 2103 1119 2185 sequius
1144 2104 1223 2200 quid
1247 2104 1350 2167 dicere
1374 2124 1443 2187 per-

327 2206 424 2291 peti'].
473 2207 578 2283 Quam
600 2206 754 2289 frigidum
776 2207 1035 2292 languidumque
1067 2209 1149 2272 illud
1173 2210 1311 2293 simplex
1334 2211 1442 2292 ‘loqui’

330 2315 379 2395 sit,
404 2313 460 2377 ubi
482 2315 617 2398 gravius
640 2314 844 2396 vituperandi
863 2312 998 2376 verbum
1022 2319 1252 2399 exspectamus,
1281 2318 1443 2382 neminem

328 2441 394 2483 non
410 2421 528 2484 sentire
546 2419 689 2484 arbitror.
735 2418 850 2501 Itaque
871 2458 907 2464 —
926 2423 1075 2503 quamvis
1091 2443 1156 2486 nou
1172 2443 1304 2506 prorsus
1321 2428 1445 2487 certum
1530 2491 1531 2518 ,

328 2526 367 2590 de
402 2547 439 2590 ea
475 2545 510 2590 re
542 2527 699 2608 judicium
732 2525 773 2590 sit
809 2563 849 2570 -
886 2528 967 2609 conj.
999 2529 1115 2610 ‘ipsum
1146 2529 1322 2614 [oblloqui',
1356 2532 1445 2614 quod
1530 2593 1531 2604 ,

326 2633 464 2696 verbum
495 2634 606 2697 eodem
637 2653 736 2697 sensu
764 2652 830 2694 non
861 2632 970 2696 addita
1001 2635 1071 2716 ejus
1104 2655 1255 2719 persona,
1286 2638 1338 2701 cui
1370 2640 1446 2719 quis

328 2739 528 2822 obloquitur,
566 2739 738 2822 usurpavit
774 2737 922 2801 Catullus
952 2737 1183 2822 nxxxnra
1219 2744 1316 2807 ‘nunc
1356 2746 1447 2827 quod

327 2847 441 2929 gannit
471 2850 503 2909 et
526 2845 721 2928 obloquitur,
753 2893 791 2906 ..
817 2895 822 2907 .
846 2845 976 2929 iratast',
1007 2848 1161 2912 Afranius
1185 2871 1213 2911 v.
1240 2851 1280 2914 13
1305 2848 1446 2934 (11111112)

330 2951 418 3035 ‘quid
442 2955 490 3014 est
512 2952 617 3014 istuc?
656 2956 687 3014 te
711 2950 864 3014 blaterare
888 2958 983 3035 atque
1007 2953 1170 3037 obloquii'
1210 2962 1241 3020 et
1271 2957 1334 3040 alii,
1362 2978 1448 3040 quos

329 3058 438 3121 videas
462 3058 548 3140 apud
570 3057 700 3120 Forcell.
724 3077 748 3120 s.
771 3075 800 3119 v.
1018 3130 1019 3133 Ἴ

417 3162 583 3226 Contraria
613 3165 736 3227 ratione
769 3164 822 3225 alii
859 3165 928 3228 loco
966 3167 1159 3231 medendum
1195 3169 1267 3231 erit:
1313 3165 1366 3239 Ad
1396 3165 1447 3238 M.

327 3267 419 3341 Caes.
441 3264 535 3355 IV,l
571 3292 611 3327 Ξ·-
648 3290 680 3362 p.
705 3266 746 3340 59
782 3289 812 3338 V.
836 3267 885 3339 17.
938 3271 1076 3336 ‘Invidia
1110 3277 1323 3357 perniciosum
1360 3277 1450 3339 inter

326 3378 471 3441 homines
511 3377 635 3457 malum
675 3377 882 3458 maximeque
919 3379 1166 3462 internecivum,
1205 3379 1266 3443 sibi
1306 3383 1449 3464 aliisque

325 3485 445 3566 paritor
472 3480 678 3565 obnoxium}
725 3482 843 3544 Mirum
867 3484 898 3546 h.
922 3485 941 3547 l.
966 3490 1014 3548 est
1044 3488 1254 3569 compositum
1288 3489 1450 3571 simplicis

326 3609 423 3654 sensu
447 3589 635 3651 adhibitum.
680 3587 796 3670 Itaque
820 3608 892 3652 cum
918 3592 1003 3674 apud
1027 3591 1237 3656 Columellam
1260 3593 1302 3674 H,
1317 3594 1355 3655 17
1383 3595 1403 3674 ,b
1426 3598 1448 3657 2

325 3694 497 3777 (Schneid.)
533 3699 620 3758 recte
654 3695 816 3758 Gesnerus
854 3698 963 3778 optimi
1001 3699 1119 3763 codicis
1154 3700 1451 3783 Sangermanensis

323 3801 387 3865 fido
420 3803 512 3865 nisus
545 3802 706 3885 vulgatam
739 3801 909 3866 lectionem
939 3809 1123 3889 ‘omnesque
1145 3807 1266 3891 lapides
1290 3813 1321 3872 et
1346 3809 1452 3891 siqua

325 3907 471 3990 objacent
496 3906 632 3970 falcibus
665 3906 834 3970 obnoxia
865 3909 972 3993 colligi
1004 3910 1121 3976 debent
1153 3933 1190 3976 ao
1220 3914 1351 3998 longius
1386 3935 1451 3978 ex-

323 4013 453 4097 portari'
477 4015 651 4077 correxerit
673 4016 706 4077 in
731 4013 924 4096 ‘noxia’5⁸)
949 4036 1061 4081 vereor
1084 4039 1124 4082 ne
1147 4025 1255 4083 noster
1277 4021 1366 4084 locus
1385 4041 1452 4084 ex-

414 4259 459 4328 57)
479 4276 493 4313 e
511 4258 625 4327 Hauptii
644 4261 804 4330 conjectura.
825 4264 883 4318 cod.
903 4263 1006 4318 ‘coetu'.

412 4346 457 4418 58)
477 4347 646 4417 Corruptelae
665 4365 746 4405 causa
763 4352 815 4404 fuit
834 4354 997 4422 praecedens
1017 4350 1164 4422 ‘objacent’.
