3110 4982
853 408 893 470 52

453 594 549 679 [Non]
575 595 627 658 ted
650 596 710 658 hoo
733 598 835 660 noctis
860 596 1072 680 [adulescens]
1096 601 1205 660 natare
1230 596 1312 680 [ego]

449 706 575 765 tantum
599 702 751 786 profundi
774 704 883 786 patiar.
930 703 979 766 Ne
994 701 1120 785 100092)
1144 704 1275 785 decidat,

452 813 568 874 ventiis
590 810 758 874 lucernam
781 829 822 872 ue
844 814 910 873 1010
940 815 1014 888 mat,
1036 830 1077 873 ne
1102 811 1180 893 quid
1202 809 1260 872 tibi

450 935 467 978 0
490 911 650 998 frtgore93)
674 917 872 1000 impliciscot
895 935 937 979 no
960 915 1088 998 fluotdS,
1110 916 1222 998 vaduS,

450 1042 491 1088 ne
514 1018 656 1107 piscis94)
681 1023 790 1106 aliqua
812 1024 929 1086 nonsit

272 1190 275 1197 ·
317 1163 428 1244 Saena,
452 1168 488 1227 ut
512 1164 596 1246 apud
621 1162 801 1246 Musaeum,
823 1166 858 1226 In
875 1164 1012 1228 Veneris
1035 1163 1152 1246 templo
1175 1164 1276 1228 fuisse
1299 1165 1437 1228 videtur.

316 1269 467 1332 Alterum
483 1269 699 1351 fragmentum

450 1411 573 1474 Amans
597 1417 758 1476 amantem
780 1393 888 1496 pi'rblla
907 1414 1061 1495 juvenem
1084 1413 1176 1474 nocte
1199 1413 1321 1476 lumine
1339 1413 1437 1498 [ecce]

452 1520 587 1582 accenso
611 1524 697 1582 stans
720 1521 755 1582 in
779 1521 861 1583 tdrri
882 1519 1056 1583 luctantem
1080 1524 1115 1581 in
1142 1520 1224 1582 mari
1253 1521 1416 1603 opperitur

318 1661 453 1724 fortasse
471 1659 509 1723 ab
527 1660 635 1724 Herus
648 1661 782 1743 nutrice,
800 1681 895 1744 quam
908 1660 1061 1723 Musaeus
1074 1681 1103 1723 v.
1119 1661 1181 1723 188
1197 1665 1228 1723 01
1243 1661 1437 1724 Pseudo-ov.

318 1767 451 1831 Heroid.
463 1767 579 1830 XVIII
603 1788 632 1829 r.
651 1767 701 1849 19,
718 1768 770 1841 26,
787 1768 840 1843 41,
865 1769 916 1848 45,
942 1767 1004 1828 153
1029 1773 1288 1850 commemorant,
1313 1769 1437 1832 dictami

319 1875 387 1937 fuit.
438 1875 501 1937 Sed
533 1878 669 1956 possunt
700 1876 796 1938 etiam
819 1873 927 1937 Herus
951 1873 1050 1937 verba
1073 1875 1192 1958 tragico
1216 1895 1304 1939 more
1334 1875 1373 1938 de
1403 1897 1437 1940 se

319 1983 389 2064 ipsa
413 1981 505 2044 tertia
527 2000 666 2064 persona
691 1981 855 2063 loquentis
879 1999 956 2043 esse.

409 2123 443 2187 Si
465 2125 598 2186 latinam
621 2123 817 2206 tragoediam
836 2123 875 2185 de
890 2121 1030 2186 Heronis
1054 2125 1085 2185 01
1100 2120 1237 2185 Leandri
1253 2123 1438 2186 tristissima

225 2311 227 2314 Ι
321 2236 405 2293 sorte
429 2231 578 2314 scriptam
601 2229 701 2292 fuisse
724 2228 818 2292 nobis
842 2232 974 2309 constat,
998 2233 1121 2291 certum
1145 2232 1201 2308 est,
1223 2227 1323 2292 fuisse
1340 2231 1437 2291 etiam

311 2336 477 2400 Graecam
509 2331 759 2419 tragoediam95),
796 2336 914 2398 latinae
952 2335 1122 2417 exemplar.
1180 2334 1222 2397 Et
1252 2334 1437 2415 jandudum

319 2445 381 2505 viri
405 2444 498 2524 docti,
520 2445 606 2506 iuter
629 2461 709 2524 quos
732 2443 872 2504 maximo
896 2461 971 2505 cum
992 2443 1110 2504 honore
1126 2440 1268 2504 Erunus
1283 2439 1438 2522 1101101096)

322 2725 416 2794 patiar’
436 2741 458 2777 0.
478 2742 503 2792 q.
523 2741 544 2779 s.
563 2723 664 2778 indicio
683 2726 731 2793 est,
747 2724 801 2792 jam
822 2724 855 2796 ab
874 2725 956 2777 altero
986 2722 1032 2776 illo
1058 2722 1163 2792 ‘potius'
1183 2722 1300 2790 incipere
1319 2723 1438 2778 Heronis

320 2814 410 2867 verba.
447 2813 513 2866 Tum
532 2813 571 2866 ita
592 2812 771 2881 supplendum
790 2813 852 2865 erit:

445 2897 533 2969 potiris
552 2917 632 2968 quam
652 2901 696 2953 ted
714 2901 764 2954 hoc
782 2899 869 2954 noctis
890 2900 982 2968 [nunc]
1002 2902 1093 2955 natare
1114 2900 1184 2970 [ego]
1204 2917 1226 2955 e.
1247 2917 1271 2968 q.
1291 2917 1311 2955 s

413 3007 458 3077 92)
486 3006 576 3061 Lunae
604 3007 707 3060 natanti
736 3005 809 3060 viam
840 3005 1012 3058 monstrantis
1040 3007 1335 3074 commemorationem,
1368 3023 1438 3074 quae

322 3095 396 3150 abest
414 3114 430 3150 a
448 3094 564 3162 Musaeo,
584 3095 666 3148 habes
684 3095 755 3162 apud
774 3093 1014 3147 Pseudo-ovidium
1033 3113 1092 3163 epp.
1111 3095 1192 3148 XVII
1211 3097 1259 3148 77:

411 3186 483 3240 unda
499 3199 670 3252 repercussae
688 3182 810 3237 radiabat
827 3182 943 3250 imagine
962 3183 1041 3238 lunae
1067 3184 1101 3236 m
1119 3184 1190 3237 nitor
1208 3185 1237 3237 in
1257 3183 1339 3238 tacita
1358 3187 1437 3238 nocte

380 3273 492 3326 diurnus
511 3276 574 3326 orat.
595 3273 628 3326 01.
647 3275 674 3324 01
692 3289 718 3325 v.
738 3270 771 3324 59
791 3286 830 3338 sq.
849 3287 888 3338 sq.

414 3362 459 3431 93)
477 3362 639 3415 Pseudo-ov.
658 3360 675 3412 l.
696 3377 717 3415 0.
737 3377 765 3433 u,
782 3359 817 3413 89

533 3450 632 3518 frigora
656 3467 689 3502 ne
712 3449 812 3516 possim
838 3448 921 3516 gelidi
944 3449 1043 3502 sentire
1068 3449 1203 3517 profundi,

535 3539 581 3607 qui
600 3537 714 3590 calatin
734 3538 832 3605 cupido
851 3540 957 3606 pectore
976 3540 1094 3606 praestat
1112 3554 1193 3592 amor.

413 3628 458 3696 94)
476 3627 537 3681 ibid
555 3645 581 3682 v.
602 3627 651 3682 131
671 3627 732 3680 Jam
750 3629 854 3680 nostros
873 3627 950 3679 corvi
968 3629 1067 3680 norunt
1085 3627 1224 3694 delphines
1243 3643 1346 3681 amores

476 3717 597 3783 ignotum
615 3732 665 3768 noo
684 3732 726 3768 me
745 3715 865 3782 piscibus
884 3731 942 3768 esse
957 3731 1024 3771 reor.

321 3805 466 3874 Abjudicat
489 3810 579 3858 tamen
606 3805 655 3858 hos
684 3819 778 3872 versus
806 3803 935 3872 opistulae
963 3805 1065 3859 auctori
1089 3805 1173 3858 Lehrs
1196 3803 1324 3861 Fleckeis.
1343 3804 1437 3858 Jahrb.

320 3892 480 3947 LXXXVII
498 3910 524 3961 p.
543 3894 585 3948 54.

412 3982 457 4052 95)
482 3982 542 4036 Non
566 3983 708 4036 abhorrere
733 3999 750 4035 a
773 3981 884 4050 tragicis
911 3981 1015 4049 legIbus
1042 3981 1141 4034 nostris
1168 3981 1332 4049 temporibus
1355 3981 1437 4036 Grill-

322 4070 427 4140 parzeri
446 4069 536 4126 fabula
555 4071 617 4124 ‘Des
636 4070 739 4124 Meeres
757 4071 814 4124 und
833 4071 881 4124 der
898 4070 979 4124 Liebo
998 4069 1113 4122 Wellen’
1134 4070 1256 4123 ostendit.

287 4217 296 4236 ο
413 4159 457 4229 96)
476 4159 656 4214 Monumentis
681 4160 713 4213 ab
739 4159 888 4212 Heinricho
912 4159 995 4226 praef.
1013 4158 1117 4212 Musaei
1136 4175 1160 4226 p.
1179 4157 1270 4211 XLVI
1288 4160 1314 4210 et
1332 4157 1437 4212 Rohdio

323 4249 340 4306 l.
360 4264 383 4302 c.
403 4265 428 4316 p.
449 4251 499 4304 135
518 4250 579 4303 adn.
599 4249 625 4314 3)
649 4248 768 4316 collectis
786 4247 850 4302 addi
872 4249 959 4316 potest
981 4246 1051 4314 lapis
1073 4247 1176 4300 Incisus
1200 4246 1233 4300 ab
1252 4246 1437 4301 Heidemanno

325 4336 398 4392 Ball.
418 4337 542 4406 dell'iust.
565 4337 631 4394 1868
649 4355 675 4406 p.
696 4336 754 4405 158,
773 4337 821 4391 Nr.
842 4336 875 4390 23
893 4336 923 4388 in
941 4336 1014 4389 huno
1038 4335 1145 4388 modum
1170 4334 1332 4404 descriptus:
1363 4337 1436 4390 ‘Oar-
