3110 4982
861 412 901 475 50

323 602 484 688 profimdi’
508 607 539 666 et
555 603 682 665 ‘ventus
703 603 868 666 lucernam
892 621 933 666 ne
955 601 1136 665 interemat'
1159 601 1282 685 poetica
1298 619 1377 663 aura
1391 599 1440 662 le-

319 715 448 794 gentem
470 709 576 773 afflat?
600 709 770 802 Praeterea
791 729 953 791 nusquam
975 710 1009 771 in
1033 709 1082 771 his
1106 708 1251 790 epistulis
1273 710 1320 770 tot
1335 705 1438 769 verba

322 817 551 901 subsequentia
576 816 734 896 rythmico
763 836 842 879 sono
864 805 1036 900 reguntur,
1063 834 1168 896 neque
1191 834 1346 896 umquam
1367 817 1438 876 tam

320 925 408 988 facili
428 924 555 1008 negotio
572 927 723 1005 quattuor
743 943 855 988 versus
872 925 992 1007 optimi,
1014 923 1049 985 in
1069 922 1188 1004 quibus
1204 941 1245 984 ne
1264 921 1438 983 minimum

321 1031 452 1113 quidem
474 1031 590 1093 vitium
613 1030 757 1113 haereat,
789 1029 872 1093 effici
895 1034 1038 1114 possunt.
1085 1027 1156 1091 Hoc
1180 1047 1258 1090 casu
1280 1027 1437 1090 accidisse

319 1136 470 1202 credibile
498 1137 565 1200 est?
600 1135 699 1200 Porro
727 1137 873 1221 legamus
900 1137 998 1200 verba
1029 1135 1258 1215 antecedentia,
1285 1154 1313 1217 p.
1339 1133 1390 1213 51,
1417 1135 1436 1194 9

318 1245 436 1308 ‘fabula
468 1243 680 1308 histrionibus
708 1243 879 1325 celebrata,
916 1243 973 1307 ubi
1001 1262 1112 1305 amans
1141 1245 1300 1304 amantem
1327 1239 1437 1322 puella

314 1353 471 1433 juvenem
503 1356 596 1413 nocte
629 1350 752 1413 lumine
783 1371 915 1414 accenso
940 1356 1030 1414 stans
1051 1351 1085 1411 in
1109 1349 1191 1410 turri
1213 1351 1375 1409 natantem
1398 1347 1435 1408 in
1462 1421 1465 1430 Ι

192 1527 196 1532 ,
318 1459 401 1520 mari
425 1456 607 1541 opperitur'‚
630 1456 686 1519 ubi
710 1456 882 1521 verborum
906 1457 1067 1520 collocatio
1092 1453 1263 1517 admodum
1279 1455 1362 1515 mira
1378 1472 1435 1516 ne-

320 1583 382 1645 que
406 1563 472 1626 ullo
501 1583 542 1626 ex
566 1564 710 1646 epistulis
733 1563 957 1627 Frontonianis
981 1562 1128 1644 exemplo
1152 1559 1284 1643 probata
1306 1561 1435 1622 inveni--

318 1676 379 1752 tur‚
404 1689 485 1752 quae
508 1674 616 1732 tamen
638 1671 761 1753 priscae
783 1669 911 1734 fabulae
933 1669 1020 1732 haud
1042 1669 1196 1730 inusitata
1219 1672 1275 1748 est,
1298 1667 1335 1730 cf.
1358 1685 1384 1729 e.
1403 1687 1432 1748 g.

317 1775 364 1838 Pl.
389 1775 484 1839 Stich.
511 1776 538 1837 V
560 1776 609 1858 lfl

477 1881 684 1946 Prostibulist
707 1889 814 1947 autem
837 1886 975 1946 stantem
999 1883 1096 1946 stanti
1119 1882 1244 1943 savium

476 1987 560 2052 Dare
584 1991 721 2052 amicam
744 1991 853 2057 amico.

317 2112 400 2176 Vide
430 2118 594 2195 praeterea
624 2112 761 2196 figuram
792 2114 1038 2197 etymologicam
1061 2134 1080 2176 a
1102 2113 1216 2196 priscis
1238 2111 1341 2193 poetis
1363 2115 1431 2172 tam

264 2240 267 2250 ⁴
317 2239 413 2300 saepe
448 2218 631 2302 adhibitam,
665 2221 700 2282 in
734 2219 840 2284 verbis
872 2223 994 2283 ‘amans
1030 2218 1199 2282 amantem'
1234 2218 1272 2280 cf.
1305 2216 1429 2279 Lorenz

316 2326 445 2410 praefat.
479 2326 660 2391 Trinummi
686 2349 716 2410 p,
742 2328 783 2389 40
813 2347 858 2409 sq.
894 2332 924 2390 et
957 2331 1120 2410 praeterea
1153 2326 1232 2388 haec
1266 2324 1429 2406 exempla:

316 2432 420 2496 Plaut.
456 2433 543 2496 Pers.
571 2433 601 2495 V
620 2435 691 2515 123
740 2440 777 2497 ut
823 2439 982 2496 amantem
1023 2433 1142 2496 amanti
1187 2429 1287 2548 [daqqq
1330 2429 1429 2492 decet.

314 2538 431 2604 Pseud.
462 2540 581 2622 Vrpl
623 2540 678 2603 ubi
725 2560 837 2603 amans
881 2541 1083 2623 complexust
1117 2543 1274 2602 amantes
1329 2536 1429 2599 Naev.

314 2647 426 2729 fragm.
451 2666 521 2709 com
541 2643 678 2729 (Ribb.2)
694 2667 724 2708 v.
742 2648 782 2709 90
799 2651 977 2728 numquam
997 2648 1170 2728 quisquam
1189 2649 1291 2707 amico
1308 2645 1430 2705 amanti

314 2757 417 2815 amica
439 2754 535 2816 nimis
558 2752 613 2816 fiet
634 2752 757 2816 fidelis’.
804 2751 890 2828 Quid
919 2753 1005 2835 quod
1032 2754 1128 2815 etiam
1151 2752 1229 2814 haec
1254 2749 1349 2813 verba
1373 2769 1428 2832 op-

312 2861 390 2922 time
414 2878 569 2922 versuum
593 2859 713 2942 regulis
737 2859 973 2940 subjiciuntur?

359 3033 470 3093 amans
495 3034 655 3092 amantem
678 3009 825 3113 puellassssl
845 3032 999 3113 juvenem
1022 3032 1114 3092 nocte
1138 3030 1261 3092 lumine
1286 3027 1381 3111 [ecce]

357 3139 492 3201 accenso
517 3142 605 3201 stans
627 3137 661 3198 in
685 3139 767 3200 turri
790 3133 1008 3218 luctantem89)
1030 3140 1066 3197 in
1088 3137 1171 3200 mari
1194 3139 1363 3218 opperitur.

311 3243 434 3308 Iterum
459 3263 591 3326 quaero:
616 3244 675 3306 hoc
699 3263 776 3307 casu
800 3244 953 3307 accidisse
976 3241 1128 3306 credibile
1152 3242 1220 3305 est?

312 3349 387 3412 Jam
416 3350 584 3413 videamus
611 3349 830 3414 Ribbechium.
877 3348 961 3432 Ipse,
993 3350 1109 3431 inquit,
1136 3343 1253 3411 Fronto
1281 3353 1426 3428 testatur,

310 3457 407 3520 talem
429 3458 465 3518 in
488 3456 595 3519 fabula
619 3459 795 3520 orationem
818 3475 885 3519 non
907 3456 1050 3518 habitam
1073 3474 1151 3518 esse.
1198 3453 1268 3528 Qua
1290 3455 1324 3515 iu
1340 3473 1375 3516 re
1391 3456 1425 3516 in

267 3641 269 3648 Α
312 3566 418 3627 animo
441 3563 556 3627 habuit
579 3565 648 3627 sine
672 3563 769 3627 dubio
789 3565 868 3626 haec
882 3562 994 3626 verba:
1019 3563 1106 3625 ‘haec
1122 3563 1221 3624 oratio
1241 3560 1425 3624 amantibus

264 3651 268 3662 ’
311 3670 418 3734 decuit
441 3676 472 3734 et
494 3671 608 3733 melior
631 3676 662 3734 et
685 3670 845 3734 salubrior
866 3669 940 3749 mit,
972 3688 1038 3730 non
1062 3669 1167 3731 alieno
1191 3669 1320 3752 capitali
1341 3669 1426 3751 peri-

311 3777 384 3840 culo
420 3777 534 3841 sectari
568 3778 742 3861 voluptatis
774 3797 907 3841 usuram
943 3774 1073 3838 brevem
1108 3794 1145 3838 ac
1179 3773 1425 3859 poenitendam’.

310 3883 374 3948 Sed
396 3904 477 3947 num
500 3901 535 3947 re
558 3904 635 3948 vera
656 3885 702 3947 ita
725 3903 760 3948 se
779 3903 830 3948 res
845 3882 962 3946 habet?
985 3881 1158 3966 Ponamus,
1180 3884 1217 3944 in
1232 3901 1329 3946 scena
1343 3886 1425 3944 trac-

398 4095 443 4166 88)
463 4097 502 4151 De
520 4095 571 4150 hac
589 4111 716 4150 mensura
733 4095 766 4150 cf.
785 4093 892 4148 Ritschl
909 4091 1030 4162 Prolcgg.
1043 4093 1114 4150 Trio.
1133 4112 1158 4163 p.
1172 4093 1282 4149 CLXIV
1295 4095 1321 4147 et
1335 4093 1422 4148 Plaut.

309 4185 389 4240 Poen.
410 4185 435 4236 V
454 4187 524 4252 532.
543 4184 623 4238 rim.
642 4201 668 4242 r.
687 4183 739 4240 108
758 4182 910 4254 (Ribbeele)
930 4181 1019 4237 Oasin.
1038 4183 1104 4252 prol.
1123 4201 1150 4238 r.
1168 4185 1203 4238 48
1221 4185 1249 4236 et
1267 4183 1309 4240 79.

399 4273 443 4343 89)
461 4274 511 4328 cod
530 4273 694 4341 ‘nabntemb
713 4288 855 4342 possumus
874 4271 954 4325 etiam
974 4271 1013 4324 sic
1032 4272 1161 4326 scribere:

481 4360 594 4420 accenso
613 4365 686 4418 stans
704 4363 735 4416 iu
751 4359 820 4416 turri
839 4365 947 4417 nantem
966 4360 1014 4432 per
1025 4379 1099 4417 mare
1118 4360 1253 4432 opperitur
