3110 4982
635 439 674 500 17

107 651 180 714 quae
204 630 411 693 offensionem
434 627 521 690 hand
544 646 676 709 parvam
699 625 802 688 habet.
850 624 934 700 Quid
958 626 1044 688 enim
1064 626 1124 689 sibi
1143 627 1213 690 vult

105 738 177 800 illud
214 736 373 798 Graecum
408 733 552 814 verbum,
591 733 678 815 qnod
715 737 824 794 tamen
860 731 1019 794 Graecum
1054 752 1118 796 non
1156 738 1212 813 est,

107 838 256 907 πολιιίοιν
283 841 373 904 dico?
425 838 536 902 Orellii
570 842 787 901 commentum
816 833 964 925 γοητείαν
990 839 1232 922 redargutione

107 950 156 1010 vix
187 953 267 1031 eget.
325 945 366 1008 Μ.
393 945 535 1028 Haupt,
568 947 620 1008 cui
654 943 774 1008 Naber
808 945 992 1008 dubitanter
1026 945 1214 1025 adsentitur,

106 1055 216 1138 Opusc.
240 1053 275 1116 II
297 1073 325 1136 p.
351 1053 415 1115 348
450 1045 607 1115 πολιτίαν
638 1051 719 1113 nihil
751 1052 840 1115 aliud
875 1071 954 1134 esse,
982 1071 1081 1136 quam
1108 1051 1214 1134 negle-

104 1163 227 1243 gentius
251 1161 405 1242 scriptum
429 1153 601 1220 πολιτείαν
624 1156 769 1241 affirmat,
793 1159 880 1240 quod
896 1159 1032 1222 verbum
1047 1160 1078 1223 h.
1095 1159 1116 1221 l.
1140 1160 1216 1221 satis

105 1265 300 1331 memorabili
332 1285 398 1328 usu
430 1263 588 1346 significet
630 1262 843 1328 urbanitatem
882 1271 912 1328 et
948 1266 1134 1329 facetiarum
1172 1265 1216 1328 le-

104 1394 225 1458 porem;
249 1392 287 1436 eo
310 1373 397 1435 enim
421 1389 519 1434 sensu
542 1369 681 1432 inveniri
699 1366 869 1450 πολιτικός
885 1377 916 1435 et
932 1372 1114 1448 πολιτικῶς
1132 1371 1216 1454 apud

105 1479 284 1562 Polybium,
320 1477 541 1556 Plutarchum,
572 1474 765 1558 Longinum,
795 1478 873 1541 alios
904 1480 1096 1542 recentiores
1119 1480 1216 1562 scrip-

104 1593 194 1664 toreS,
215 1587 337 1648 etitem
356 1585 449 1647 etiam
467 1583 616 1663 usurpari
633 1579 866 1665 πολιτικισμός
882 1589 913 1647 et
929 1580 1213 1648 πολιτινιεῦεσθαι.

104 1692 191 1756 Haec
227 1692 344 1774 optime
375 1690 535 1772 disputata
572 1693 648 1752 sunt
683 1689 768 1770 quod
802 1689 841 1751 ad
877 1691 955 1753 haec
993 1690 1091 1754 verba
1123 1692 1218 1754 modo

105 1803 290 1862 enumerata
313 1797 440 1860 attinet:
465 1797 505 1858 ad
529 1795 619 1858 verbi
642 1791 796 1858 πολιτεία
819 1801 927 1859 autem
951 1796 1217 1881 significationem

106 1906 183 1967 nihil
207 1923 249 1968 ex
273 1903 319 1967 eis
347 1904 440 1984 sequi
468 1902 633 1964 contende.
678 1901 768 1964 Idem
797 1904 937 1988 sen-sisse
963 1903 1218 1967 Herwerdenum

106 2011 259 2074 Mnemos.
278 2009 295 2072 I
310 2029 340 2092 p.
358 2009 422 2071 293
438 2008 577 2091 gaudee,
597 2008 683 2090 quod
699 2013 806 2071 tamen
822 2011 890 2092 ipse
907 2011 1050 2091 conjecit,
1068 2006 1218 2089 παιδίοιν,

105 2139 166 2181 non
201 2117 319 2180 melius
352 2120 400 2177 est
433 2134 530 2197 qnam
555 2103 674 2176 'Orellii
704 2115 883 2178 inventum.
937 2115 1006 2178 lam
1040 2117 1115 2199 quid
1141 2117 1219 2179 mihi

104 2227 205 2306 primo
238 2221 354 2285 obtutu
385 2222 423 2283 in
457 2224 595 2283 mentem
629 2221 762 2298 venerit,
800 2223 948 2304 aperiam.
1006 2221 1088 2284 Puto
1124 2225 1220 2305 enim,

105 2331 309 2409 Frontonem,
333 2329 385 2390 cui
409 2327 556 2408 adjectivi
581 2327 668 2408 quod
692 2331 740 2388 est
762 2327 899 2410 ‘politus’
923 2329 1011 2391 notio
1029 2327 1219 2392 obversaba-

106 2595 286 2661 conjecturam
310 2589 445 2660 ‘quanta').
482 2607 508 2657 p.
528 2589 569 2656 27,
589 2591 604 2641 7
633 2589 762 2656 marginis
780 2590 922 2644 lectionem
940 2593 1074 2660 praefero,
1098 2593 1132 2647 cl.
1151 2593 1222 2646 inira

105 2699 130 2748 p.
150 2683 185 2735 33
205 2681 267 2734 adu.
287 2681 340 2748 74).
377 2678 503 2745 Superest
520 2677 595 2730 loeus
615 2677 656 2744 19,
675 2679 700 2744 2,
720 2677 781 2730 ‘alia
800 2679 928 2746 dignitate
947 2682 1010 2733 sunt
1029 2681 1068 2748 [in
1081 2680 1218 2750 Fortunio]

106 2787 186 2838 quom
207 2787 223 2822 a
243 2767 390 2822 coronariis
408 2767 529 2834 veniunt,
548 2765 602 2819 alia
621 2783 700 2834 quom
720 2783 736 2820 a
753 2767 936 2820 sacerdotibus
956 2768 1117 2838 [intemplo]
1137 2771 1223 2837 porri-

106 2857 223 2925 guntur',
242 2857 289 2909 ubi
309 2871 376 2924 qnae
395 2855 473 2908 uncis
491 2854 589 2907 seclusi
608 2855 637 2906 in
656 2857 733 2907 textu
751 2855 855 2911 desunt.
875 2857 922 2909 sed
941 2857 969 2909 in
988 2858 1108 2926 margine
1126 2858 1220 2926 legun-

106 2951 157 3005 tur,
195 2945 326 3014 Marginis
352 2943 493 2997 lectionem
519 2943 656 3010 antiquam
675 2945 702 2996 et
720 2959 874 3011 germanam
894 2945 1053 3014 scripturam
1074 2962 1132 2999 esse
1147 2947 1221 3015 judi-

106 3039 149 3088 cat
168 3034 307 3102 Heindorf,
328 3032 372 3084 cni
391 3031 540 3085 adsentitur
558 3030 706 3084 Buecheler
726 3031 775 3083 Rh.
795 3031 863 3086 Mus.
875 3030 932 3084 XII
950 3049 975 3100 p.
990 3033 1049 3088 260.
1088 3035 1156 3088 Mihi
1169 3053 1221 3090 non

106 3123 186 3190 plane
214 3123 247 3175 de
275 3137 306 3174 ea
329 3137 357 3172 re
382 3121 492 3174 constat.
530 3119 600 3173 Nam
623 3136 671 3187 per
689 3136 717 3172 se
737 3136 790 3171 non
809 3137 874 3187 opus
893 3137 951 3173 esse
969 3122 1013 3174 his
1032 3123 1221 3176 additamentis

106 3229 175 3280 quae
200 3211 282 3264 etiam
307 3208 497 3276 glossematum
515 3207 573 3261 loco
592 3208 620 3260 in
639 3208 723 3261 alium
742 3207 882 3261 Frontonis
902 3209 1020 3262 codicem
1039 3210 1155 3278 irrepere
1175 3229 1221 3278 po-

105 3300 215 3368 tuerint,
234 3297 340 3351 monuit
356 3297 390 3350 H.
409 3295 518 3350 Jordan.
554 3297 667 3350 Accedit
685 3297 755 3364 quod
774 3296 903 3364 marginis
916 3295 1057 3351 lectionem
1070 3299 1100 3351 in
1111 3299 1222 3353 univer-

106 3405 166 3441 sum
191 3388 307 3455 pejorem
332 3401 410 3452 quam
435 3387 525 3438 textus
543 3385 703 3453 scripturam
722 3401 780 3438 esse
799 3384 926 3440 vidimus,
964 3386 1074 3454 Tamen,
1087 3407 1088 3412 ¹
1101 3389 1132 3440 nt
1156 3389 1222 3457 dixi,

107 3477 178 3529 mihi
205 3477 238 3528 de
261 3491 293 3528 sa
310 3489 339 3526 re
357 3490 411 3527 non
430 3478 533 3526 certum
548 3473 682 3541 judicium
702 3476 750 3528 est.
779 3473 856 3527 Certe
876 3474 993 3544 deeius,
1014 3473 1059 3542 qui
1079 3476 1128 3529 has
1147 3479 1222 3530 notas

108 3565 262 3634 adscripsit,
282 3563 334 3616 fide
352 3562 474 3615 dubitare
493 3563 616 3614 vetamur
634 3562 674 3614 eis
691 3562 766 3631 locis,
786 3561 834 3614 ubi
852 3577 886 3614 ex
905 3561 957 3615 alio
975 3561 1047 3615 fonte
1066 3567 1154 3632 aperte
1173 3565 1223 3618 fal-

107 3670 152 3706 sas
170 3653 299 3706 lectiones
318 3651 420 3716 attulit,
447 3650 517 3718 quod
536 3667 590 3703 non
609 3650 724 3720 iecisset,
744 3652 836 3703 eontra
853 3649 940 3718 ipsius
959 3652 1158 3705 emendationes
1178 3670 1224 3721 pro

107 3741 221 3795 aliorum
241 3740 363 3794 codicum
383 3737 543 3790 lectionibus
561 3738 770 3805 venditavisset,
799 3737 823 3790 si
841 3737 954 3791 lectores
973 3738 1066 3794 tallere
1085 3739 1222 3796 voluisset.

107 3831 233 3883 Ceterum
263 3827 404 3880 minimum
434 3827 536 3879 duobus
564 3827 669 3894 praeter
696 3828 816 3879 nostrum
842 3827 960 3880 codicem
986 3844 1048 3880 eum
1066 3845 1146 3881 nsum
1165 3847 1223 3883 esse

105 3919 242 3972 evincitur
265 3916 323 3970 loco
342 3915 401 3981 107,
421 3916 436 3966 7
456 3914 504 3966 ‘de’
532 3913 561 3966 in
585 3913 654 3967 aliis‘
679 3916 706 3966 et
725 3915 766 3982 19,
787 3916 800 3966 1
821 3916 848 3966 et
866 3917 890 3981 2,
914 3915 960 3967 ubi
979 3917 1123 3969 ad'tcxtus
1142 3919 1224 3971 verba

108 4005 171 4060 ‘alin
198 4004 328 4074 dignitate
351 4002 434 4056 sunt'
459 4001 542 4056 semel
565 4001 720 4069 adscripsit:
751 4001 780 4054 in
809 4001 861 4055 alio
880 4003 960 4056 habet
978 4005 1130 4072 ‘insunt',
1161 4023 1223 4059 mox

108 4095 146 4146 ‘in
165 4094 217 4148 alio
236 4093 275 4146 sic
294 4092 386 4146 hahet:
411 4089 473 4143 Alia
498 4091 627 4157 dignitate
646 4077 776 4144 suntin
795 4089 923 4144 Portunio
942 4091 989 4160 sq!
1022 4093 1055 4148 H.
1073 4093 1091 4146 l.
1111 4095 1135 4147 si
1154 4097 1224 4148 ‘sunt

108 4182 144 4234 in'
164 4184 258 4236 natum
276 4183 317 4234 est
335 4197 369 4233 ex
388 4178 505 4246 insunt,
533 4179 603 4246 quod
622 4179 681 4231 veri
700 4195 752 4231 non
772 4176 903 4230 dissimile
921 4182 969 4245 est,
993 4181 1022 4232 in
1041 4183 1143 4236 duobus
1162 4178 1224 4236 aliis

108 4269 247 4324 codicibus
264 4269 370 4338 legebat
387 4269 458 4321 ‘sunt
475 4267 504 4319 in
522 4266 667 4321 Portunio’.
703 4267 769 4318 Tum
782 4265 916 4319 Heindorf
931 4271 1003 4321 recte
1022 4271 1054 4322 de
1073 4270 1128 4324 illis
1147 4272 1223 4324 addi-

108 4359 236 4412 tamentis
254 4358 355 4411 dixisse
371 4356 533 4426 judicandus
552 4359 630 4409 esset.

1013 4458 1029 4510 2
