3078 4984
845 407 887 468 -26

311 603 359 662 est
382 598 421 660 ad
448 597 638 660 sanandum.
685 595 771 662 Oorr.
795 596 877 678 ‘Res
902 617 1012 680 quas.
1037 645 1043 657 .
1068 645 1074 656 .
1098 595 1268 677 credimus,
1292 615 1374 676 eas
1399 597 1426 658 si

312 724 369 786 sq.‚
392 703 628 786 adsequamur.'

399 807 450 881 Ad
473 805 566 880 amic.
589 804 615 878 Ι.
638 807 676 878 12
699 837 741 858 =
774 829 805 901 p.
828 807 888 897 182
921 830 953 878 v.
980 807 1008 878 1.
1065 809 1182 871 Fronto
1216 828 1333 892 genero
1367 829 1426 872 suo

311 917 442 980 Aufidio
466 916 631 978 Victorino
661 916 699 978 de
722 915 883 979 Frontone
908 917 976 997 ejus
999 915 1097 978 filiolo
1120 916 1288 998 ipsiusque
1303 921 1428 999 nepote,

314 1025 371 1106 qni
395 1022 481 1107 apud
505 1043 603 1084 avum
623 1022 830 1104 educabatur,
853 1042 918 1085 non
934 1023 1073 1105 inlepide
1094 1023 1138 1084 ita
1158 1021 1282 1084 scribit:
1307 1020 1427 1096 ‘Quum

311 1135 348 1192 tn
371 1129 495 1196 nullam
519 1149 674 1210 nmquam
696 1129 874 1192 mercedem
900 1129 998 1192 ullius
1013 1131 1058 1214 rei
1076 1129 1218 1211 agendae
1235 1128 1426 1191 dicendaere

246 1287 249 1298 .
312 1257 330 1298 a
354 1255 517 1318 quoquam
541 1235 724 1318 postularis,
747 1235 864 1298 Fronto
881 1236 941 1297 iste
957 1234 1086 1298 nullum
1106 1233 1240 1297 verbum
1258 1236 1348 1317 prius
1372 1255 1427 1297 ne-

312 1363 374 1424 que
398 1341 598 1424 frequentius
622 1343 794 1424 congarrit
820 1363 914 1423 quain
940 1341 1012 1404 hoc:
1038 1340 1091 1403 da:
1117 1361 1175 1424 ego
1199 1346 1309 1404 contra
1340 1341 1427 1422 qnod

224 1429 228 1436 ι
310 1469 440 1532 possum
465 1454 521 1511 aut
545 1447 706 1510 chartulas
730 1450 758 1510 ei
783 1453 838 1510 ant
861 1447 994 1511 tabellas
1010 1437 1147 1531 porrigo,
1164 1468 1302 1530 quarum
1317 1467 1427 1510 rerum

311 1556 478 1644 petitorem
501 1574 577 1616 eum
602 1574 671 1616 esse
694 1555 797 1637 cupio.
844 1554 1007 1617 Nonnulla
1031 1559 1137 1618 tamen
1168 1559 1203 1617 et
1232 1555 1309 1616 aviti
1339 1556 1428 1635 inge-

311 1661 357 1722 nii.
381 1661 473 1744 signa
497 1659 655 1742 ostenditl.
702 1659 800 1724 Recte
825 1662 852 1724 si
869 1680 902 1724 se
921 1660 1051 1724 haberet
1066 1662 1148 1724 illud
1170 1659 1219 1723 ‘et’
1244 1662 1296 1742 (=
1320 1662 1428 1740 etiam)

310 1771 384 1828 ante
402 1766 499 1829 ‘aviti’
523 1766 715 1830 Fhontonem
740 1767 860 1830 dixisse
884 1786 1015 1830 necesse
1050 1772 1142 1850 esset,
1171 1767 1271 1830 multa
1302 1770 1429 1851 paterni

310 1875 433 1957 ingenii
468 1875 560 1956 signa
594 1894 613 1934 a
646 1873 743 1936 filiolo
777 1867 909 1937 ostendi.
957 1872 1050 1948 Quod
1085 1895 1161 1937 curn
1184 1876 1292 1955 jocose
1323 1879 1431 1956 neget,

311 1980 423 2044 nullus
448 1980 558 2043 dubito
576 1981 654 2062 quin
672 1980 774 2043 deleto
799 1979 848 2042 ‘et’
873 1979 1077 2043 scribendum
1104 1981 1157 2043 sit:
1183 1979 1358 2042 ‘Nonnulla
1381 1983 1428 2041 ta-

311 2105 385 2148 men
409 2089 486 2149 aviti
504 2077 626 2170 ingenii
642 2087 734 2168 signa
751 2086 907 2149 ostendit'.
953 2085 1025 2148 Hoc
1041 2087 1151 2150 sentit:
1177 2087 1277 2169 patris
1296 2086 1428 2169 quidem

312 2211 377 2254 non
402 2193 504 2256 simile
528 2198 577 2254 est
604 2193 773 2274 ingenium
800 2194 940 2276 pueruli,
968 2197 999 2255 at
1027 2194 1099 2302 avi?
1133 2193 1220 2255 Illud
1248 2191 1298 2255 ‘et’
1330 2212 1429 2274 prave

312 2318 329 2361 e
351 2292 466 2382 prioris
491 2301 579 2363 verbi
598 2300 726 2363 ‘tamen'
750 2300 863 2363 ultima
888 2299 1011 2380 syllaba
1035 2287 1200 2383 repititum
1223 2299 1359 2362 videtur.

362 2485 364 2492 Ι
400 2401 451 2476 Ad
475 2403 568 2478 amic.
591 2405 635 2496 II,
660 2407 680 2479 7
703 2443 744 2463 =
766 2430 798 2502 p.
820 2405 882 2479 197
898 2429 928 2478 v.
944 2406 972 2477 1.
1019 2407 1253 2489 ‘Leuissimum
1277 2428 1429 2472 mansue-

312 2512 485 2592 tissimum,
502 2513 733 2597 doctissimum,
748 2519 938 2600 piissimum,
954 2519 988 2580 in
1005 2538 1104 2581 cansa
1127 2537 1192 2580 non
1208 2519 1313 2580 dicam
1333 2518 1430 2594 bona,

311 2617 421 2700 finge
437 2619 531 2681 renim
555 2622 716 2705 ambigua,
740 2630 827 2687 tanto
851 2629 931 2688 natu
956 2644 1066 2688 senem
1094 2625 1298 2708 prohibuisse
1336 2627 1430 2688 curia

312 2727 478 2811 interimll.
527 2729 703 2814 Opprobrio
736 2733 810 2796 facit
844 2732 940 2794 Arrio
974 2732 1150 2812 Antonino,
1184 2732 1269 2814 qnod
1293 2733 1431 2796 Volum-

313 2838 405 2900 nium
429 2837 597 2917 Serenum,
622 2849 819 2924 accusatum,
844 2841 930 2923 qnod
953 2842 1075 2922 inJ'uria
1099 2842 1325 2904 decurionatus
1342 2859 1430 2902 com-

269 3021 273 3030 ·
312 2947 407 3010 moda
430 2955 626 3030 usurpasset,
649 2951 776 3014 interim
802 2970 819 3013 e
847 2953 936 3013 curia
962 2953 1141 3014 removerit.
1187 2950 1302 3032 ltaque
1332 2948 1430 3010 Arrio

312 3073 411 3116 causa
435 3053 586 3136 ambigna
614 3064 690 3138 erat⁷
721 3075 828 3138 neque
851 3056 970 3119 Fronto
1002 3077 1077 3120 eum
1107 3057 1140 3118 id
1163 3056 1284 3139 fingere
1311 3055 1431 3138 jubere

311 3166 423 3242 potest.
474 3163 558 3226 Oorr.
605 3165 720 3247 fingo.
768 3161 821 3225 Sic
845 3163 976 3226 demum
999 3169 1084 3226 recte
1109 3168 1327 3246 opponuntur:
1353 3163 1430 3223 ‘non

313 3267 417 3330 dicam
441 3267 535 3332 bona'
560 3277 591 3334 et
613 3271 707 3354 ‘fingo
733 3268 902 3351 ambigua'.

399 3369 482 3445 Ibid.
492 3396 523 3466 p.
534 3373 594 3447 198
608 3397 639 3446 v.
651 3374 679 3445 1.
705 3375 731 3437 h
750 3376 935 3438 miserrimis
949 3375 1242 3439 Frontonianorum
1255 3373 1432 3438 verborum

312 3479 436 3542 laciniis
446 3481 524 3544 haec
534 3480 976 3567 legipossunt:‘Hominiseni
987 3481 1432 3566 quidquidinterimfit,juxta

312 3585 467 3649 interim
480 3587 537 3663 fit‘,
556 3595 586 3652 ct
598 3591 642 3652 ita
659 3588 790 3650 ‘homini
804 3589 898 3669 juxta
910 3590 1039 3652 interim
1060 3590 1105 3653 fit'
1127 3592 1160 3652 in
1180 3590 1323 3672 margine
1340 3609 1433 3671 repe-

312 3693 400 3755 titur.
430 3693 550 3760 Sensus
564 3715 606 3758 ex
622 3699 760 3778 eisquae
780 3715 877 3777 snpra
897 3695 932 3757 in
948 3696 1007 3758 hac
1023 3697 1132 3760 eadem
1147 3697 1264 3779 pagina
1281 3696 1349 3757 diri
1365 3703 1396 3757 et
1415 3717 1432 3759 e

313 3797 484 3862 Frontonis
501 3801 607 3864 verbis
622 3800 886 3884 praecedentibus
903 3801 940 3864 cf.
954 3801 1033 3866 Nab.
1050 3823 1079 3885 p.
1098 3800 1170 3884 197,
1183 3808 1319 3885 apparet.
1343 3801 1432 3865 Dicit

314 3906 409 3986 enirn,
434 3907 518 3988 quod
540 3909 657 3971 Arrius
680 3908 842 3970 hominem
863 3908 1015 3972 interim
1034 3930 1052 3971 a
1068 3911 1158 3971 curia
1173 3907 1379 3991 prohibuerit,
1395 3912 1431 3971 in

314 4012 374 4074 hoc
388 4031 461 4075 eum
478 4033 543 4075 non
556 4015 747 4097 cogitavisse
761 4033 870 4076 rerum
886 4019 1045 4094 naturam,
1064 4014 1243 4078 secundum
1260 4035 1358 4096 quam
1371 4036 1432 4079 nec

313 4120 428 4181 messis
445 4121 573 4200 torrida,
588 4139 648 4183 nec
664 4122 712 4184 sol
728 4120 767 4182 ad
791 4121 956 4183 interitum
971 4141 1118 4204 vergens,
1141 4140 1201 4184 neo
1224 4127 1372 4184 senectus
1389 4123 1430 4185 ad

314 4229 448 4289 mortem
459 4246 633 4310 properans
647 4232 718 4310 apte
731 4227 884 4289 retardari
899 4231 995 4309 atque
1012 4228 1130 4292 differri
1145 4227 1246 4311 possit
1259 4225 1310 4311 (cf.
1321 4248 1351 4311 p.
1366 4228 1428 4290 197

314 4351 344 4394 v,
369 4331 409 4392 10
427 4351 472 4414 sq.
496 4330 601 4415 Nab.),
625 4333 684 4396 hoc
709 4334 794 4396 euim
817 4333 873 4395 illa
895 4352 972 4396 voce
995 4334 1143 4398 ‘interim’
1168 4334 1332 4398 contineri.
1368 4333 1430 4397 Mi-
