3078 4984
843 428 884 490 40

306 617 418 702 primis
441 618 589 682 versibus
612 618 693 681 nihil
716 617 813 700 alind,
837 637 935 700 quam
957 617 1051 682 ‘bella
1073 619 1145 702 plus
1176 639 1272 701 quam
1302 619 1413 683 civilia’
1526 654 1527 684 ;

305 725 532 808 interpretatus
563 729 655 804 esset,
692 725 902 808 singulosque
936 726 1056 808 primos
1090 724 1274 789 Pharsaliae
1308 745 1416 789 versus
1526 729 1527 748 ³

306 831 348 894 ed
381 830 650 914 comprobandam
682 851 775 895 suam
808 832 997 895 sententiam
1030 833 1206 915 exscripsit,
1236 833 1280 896 ita
1303 834 1413 916 pergit:

307 935 460 1018 tAnnaee,
484 939 557 1018 quis
580 937 654 1001 finis
677 939 758 1003 orit?
805 938 882 1020 Aut,
912 938 939 1001 si
974 918 1084 1001 nullus
1114 938 1190 1002 finis
1218 957 1277 1002 nec
1305 939 1416 1002 modus

309 1047 366 1124 est,
389 1062 447 1106 cur
470 1063 537 1107 non
560 1044 664 1108 addis:
690 1049 721 1108 et
743 1045 863 1108 similes
885 1045 1004 1110 lituos?
1052 1044 1162 1109 Addas
1184 1045 1270 1108 licet:
1300 1050 1331 1108 et
1354 1065 1417 1108 car·
1527 1123 1528 1136 ζ

307 1150 396 1212 mina
419 1154 496 1213 nota
518 1150 688 1216 tubarum'.
737 1149 864 1235 Optimo
881 1151 1004 1233 judicio
1024 1151 1224 1216 Niebuhrius
1249 1151 1295 1214 ed.
1317 1151 1418 1215 Berol.
1527 1149 1528 1184 l

309 1277 338 1340 p.
357 1256 419 1319 136
444 1256 515 1319 adn.
541 1255 574 1336 3)
598 1258 688 1340 vidit,
706 1259 785 1322 haec
809 1258 923 1321 ultima
946 1257 1116 1321 manifesto
1139 1277 1209 1321 esse
1232 1263 1342 1342 poetae
1365 1259 1418 1320 ali·

308 1383 400 1446 cujus
423 1381 567 1426 versum:

458 1468 500 1533 Et
523 1471 643 1537 similes
666 1471 763 1534 lituos
787 1474 819 1534 et
840 1471 983 1534 earmina
1005 1475 1081 1533 nota
1103 1469 1262 1535 tubarum.

396 1607 502 1682 Pn'no.
525 1607 604 1683 hist.
627 1633 659 1704 p.
675 1609 740 1682 209
763 1633 794 1682 v.
811 1609 831 1683 9
848 1631 896 1706 sq.
943 1611 1100 1696 ‘Namque
1116 1613 1228 1675 talium
1245 1613 1420 1676 facinorum
1528 1572 1529 1636 l

309 1738 408 1782 causa
429 1718 505 1782 facti
526 1720 611 1801 latet,
633 1719 756 1783 facturn
780 1717 958 1803 spectatur!
1004 1719 1043 1780 In
1067 1719 1291 1783 dissertatione
1318 1722 1421 1804 priore

248 1836 251 1848 '
306 1827 372 1907 jam
397 1827 542 1909 exposui,
565 1846 623 1889 cur
651 1830 736 1890 recte
761 1825 1019 1890 Klussmannum
1042 1826 1062 1887 l.
1083 1846 1108 1888 c.
1134 1846 1163 1909 p.
1182 1827 1223 1888 78
1247 1826 1422 1889 hexametri

310 1936 432 2016 partem
456 1933 624 2015 agnovisse
647 1937 771 2015 putem:

285 2035 289 2042 ’
465 2037 554 2102 Facti
577 2059 675 2102 causa
696 2040 784 2121 latet,
805 2039 925 2102 factum
949 2043 1109 2122 spectatur
1140 2071 1158 2092 υ
1177 2083 1211 2092 -
1229 2073 1263 2100 υ.

396 2144 460 2208 His
483 2144 599 2209 addere
621 2165 766 2229 possum:

398 2282 450 2356 Ad
472 2283 593 2357 Anton.
616 2282 698 2378 Imp.
717 2282 744 2368 I,
759 2284 778 2356 1
792 2315 834 2335 =
849 2307 881 2378 p.
898 2283 943 2357 94
956 2307 987 2356 v.
1003 2282 1022 2354 1
1037 2303 1086 2378 sq.
1137 2267 1266 2348 Bonum
1294 2307 1427 2369 annum,

311 2393 430 2457 bonam
457 2393 602 2475 salutem,
625 2393 744 2457 bonam
767 2393 931 2456 fortunam
960 2396 1032 2474 peto
1056 2391 1143 2454 adis
1174 2392 1225 2455 die
1254 2394 1332 2456 mihi
1363 2394 1426 2456 sol-

310 2501 409 2563 lemni
433 2500 531 2562 natali
554 2504 619 2577 tuo,
652 2512 894 2584 compotemque
921 2517 974 2561 me
996 2499 1061 2560 voti
1086 2497 1151 2561 lore
1175 2499 1313 2563 confido:
1350 2521 1426 2562 nam
1530 2488 1531 2552 l

313 2626 410 2691 quem
433 2610 545 2688 sponte
569 2606 620 2670 dei
639 2607 765 2688 J‘uvisse
787 2606 911 2686 volunt,
943 2609 974 2667 et
1006 2605 1140 2688 dignum
1156 2601 1230 2688 'ope
1263 2625 1321 2668 sua
1339 2606 1428 2687 judi-

311 2718 395 2794 cant,
411 2732 486 2776 eum
501 2712 691 2776 commendo
706 2711 896 2795 benignitati
915 2709 1064 2794 eorum}
1087 2709 1284 2775 Hexameter
1299 2713 1429 2775 videtur

312 2821 408 2884 latere
432 2820 514 2901 taba,
538 2821 603 2903 qui,
627 2820 763 2883 sirecte
786 2819 943 2902 supplevi,
972 2817 1089 2900 triplici
1121 2817 1244 2883 litterae
1269 2819 1288 2882 d
1313 2819 1430 2882 allitte-

311 2927 435 2990 ratione
459 2925 714 2989 commendatur:

383 3032 502 3117 Sponte
526 3031 577 3094 dei
596 3031 721 3113 juvisse
743 3032 858 3095 volunt
880 3035 911 3094 et
934 3031 1067 3114 dignum
1091 3051 1150 3116 ope
1174 3029 1330 3115 [ducuntl.

401 3138 473 3222 Sed,
497 3138 644 3221 quamvis
672 3137 751 3200 mihi
779 3137 908 3220 quidem
936 3157 1002 3200 non
1026 3137 1176 3201 credibile
1201 3139 1250 3219 sit,
1278 3138 1432 3216 concede,

311 3247 455 3331 potuisse
488 3247 575 3308 hunc
605 3263 736 3308 versum
768 3245 934 3307 Antonine
966 3246 1063 3308 etiam
1095 3264 1172 3307 casu
1202 3245 1238 3307 in
1269 3245 1433 3307 calamum

312 3353 420 3417 fluere.

401 3457 519 3522 Contra
541 3461 660 3521 certum
684 3458 790 3520 visum
813 3457 853 3519 iri
876 3457 1049 3521 lectoribus
1074 3477 1165 3542 spero
1190 3459 1271 3521 hanc
1294 3477 1377 3521 rem:

400 3595 453 3669 Ad
474 3595 521 3669 M.
544 3595 664 3669 Antan.
688 3594 736 3668 De
759 3595 870 3692 eloqu.
886 3593 941 3669 ΙΠ
955 3628 997 3650 =
1011 3619 1044 3690 p.
1059 3596 1121 3670 149
1138 3620 1171 3669 v.
1189 3596 1227 3670 13
1251 3606 1322 3685 post
1340 3601 1433 3664 laeu-

314 3727 389 3770 nam
405 3707 483 3770 haec
500 3705 598 3769 verba
613 3705 778 3788 leguntur:
803 3705 901 3769 Vocis
924 3707 1105 3770 modulatae
1129 3711 1285 3770 amatores
1309 3707 1436 3789 primas

313 3814 441 3877 audisse
475 3813 622 3876 feruntur
655 3831 732 3875 aves
766 3831 881 3876 vernas
919 3813 992 3876 luco
1032 3813 1163 3898 epac0.].
1224 3813 1295 3877 Une
1329 3812 1435 3876 verbo

313 3919 503 4003 transposito
526 3918 760 4005 pulcherrimus
782 3919 968 3982 hexameter
991 3920 1110 3983 euadit:

441 4058 501 4079 ...υ
520 4057 609 4078 υ..υ
627 4057 716 4077 υ-υ
735 4057 823 4077 ν..υ
841 4058 903 4080 υ,
926 4026 1107 4090 modulatae

441 4131 540 4196 Vocis
563 4135 720 4195 amatores
743 4131 862 4215 primas
886 4132 1016 4196 audisse
1039 4133 1186 4196 feruntur

444 4237 581 4322 [Dulcia]
606 4257 682 4302 aves
705 4257 821 4302 vernas
846 4237 903 4324 [in]
928 4259 1026 4323 opaco
1052 4238 1215 4324 [carmina]
1239 4240 1312 4303 luco

442 4343 667 4430 [Olangentes].
