3110 4982
634 407 675 470 25

187 593 239 668 aa
262 593 308 668 u.
333 595 452 670 man.
476 595 524 670 ne
548 596 655 692 coqu.
679 633 721 654 .-.-.
745 618 778 691 p.
796 593 858 670 149
880 617 912 666 v.
936 594 970 666 a
1006 557 1214 660 ‘alienan-

99 706 180 766 tium
214 705 332 767 vitium
364 705 414 769 his
448 705 547 770 ferme
579 705 688 770 verbis
712 703 924 789 significatur:
958 723 1019 766 vor
1051 703 1213 786 impedita,

98 830 161 873 vox
184 811 303 891 vincta,
326 821 391 873 vox
414 810 563 894 difficilis,
586 831 652 875 vox
676 809 808 896 [tractat
838 830 903 872 vox
926 809 1120 894 imperfecta,
1147 829 1214 872 vox

99 916 225 979 absona.
270 916 333 980 His
357 919 516 981 contraria
539 919 706 1001 quaerenti
729 918 788 981 tibi
804 916 993 981 subvenisse
1017 920 1142 990 certum
1157 917 1213 978 ha-

99 1022 170 1086 bco:
197 1042 261 1086 vox
285 1025 443 1107 expedita,
467 1045 533 1088 vox
557 1024 712 1107 absoluta,
735 1025 801 1087 v'ox
816 1023 929 1104 facilis,
951 1041 1016 1086 vox
1041 1021 1213 1108 [perfectal

99 1149 161 1192 vox
186 1127 398 1213 [ama-bilis].'].
445 1129 544 1194 Vides
568 1131 697 1214 singula
721 1132 809 1195 vocis
832 1149 951 1213 genera
967 1133 1114 1192 accurate
1129 1130 1214 1192 inter

100 1255 132 1298 se
166 1238 293 1319 opponi,
326 1238 491 1321 priorique
514 1237 686 1301 verborum
721 1238 815 1301 seriei
849 1237 981 1299 alteram
1012 1235 1212 1319 respondere.

100 1342 168 1424 Sed,
204 1343 231 1406 si
265 1347 351 1406 recte
374 1343 479 1426 Majus
515 1343 612 1408 verba
646 1345 778 1408 uncinis
810 1343 937 1406 inclusa
963 1343 1042 1426 legit
1064 1379 1107 1387 —
1137 1361 1211 1406 nam
1274 1397 1282 1414 ,

100 1467 187 1511 nunc
218 1449 347 1532 quidem
378 1453 477 1514 totam
507 1417 655 1538 pagin‘dm
689 1451 753 1534 legi
780 1469 846 1513 non
874 1468 967 1532 posse
1000 1453 1137 1512 testatur
1169 1449 1214 1512 du

99 1553 180 1617 Rieu
205 1592 256 1634 -,
289 1554 386 1638 deest,
419 1557 506 1640 quod
530 1561 709 1640 opponatur
731 1557 803 1619 voci
825 1555 952 1619 fractae.
997 1555 1112 1638 ltaque
1136 1557 1214 1618 scri-

100 1659 238 1724 bendum
254 1662 327 1724 erit:
345 1663 419 1724 ‘vox
434 1663 548 1745 facilis,
565 1662 655 1746 [vox
669 1662 862 1749 infracta]‚
879 1681 945 1725 vox
961 1660 1130 1746 [perfectal.
1165 1660 1213 1724 De

99 1768 155 1830 boc
188 1767 402 1850 parallelismo
438 1770 567 1852 saepius
600 1770 687 1853 aqud
725 1769 918 1833 Frontonem
959 1773 1145 1832 occurrente
1174 1769 1212 1831 cf.

100 1871 133 1934 Ο.
156 1872 243 1936 Jahn
266 1873 380 1938 Philol.
404 1875 561 1940 XXVIII.
590 1877 606 1938 7
632 1882 663 1940 et
685 1876 721 1939 R.
745 1875 946 1940 Klussmann
968 1875 990 1939 l.
1015 1895 1041 1941 a.
1065 1895 1095 1958 p,
1123 1876 1172 1937 54.

184 1993 237 2067 Ad
259 1992 305 2066 Μ.
328 1994 448 2070 Antan.
475 1995 521 2070 De
537 1996 707 2072 orationib.
731 2027 772 2049 =
794 2020 827 2092 p.
850 1995 962 2070 1561.
985 1995 1036 2068 10.
1067 1997 1161 2073 ‘Quid
1186 1999 1214 2062 si

100 2104 271 2186 prandium
293 2105 381 2169 idem
398 2107 542 2190 ubisque
566 2106 646 2188 (cod.
670 2106 854 2189 utriusque)
879 2109 1064 2189 apponatur,
1088 2104 1214 2189 adposi-

99 2214 146 2272 tas
170 2209 256 2274 oleas
280 2211 360 2275 alter
383 2211 491 2296 digitis
513 2213 657 2297 prendat,
680 2213 720 2276 ad
737 2231 772 2275 cs
787 2212 916 2293 adferat,
940 2215 977 2274 ut
996 2211 1214 2274 manducandi

96 2317 148 2398 jus
170 2317 285 2401 fasque
308 2321 366 2399 est,
386 2318 432 2381 ita
448 2319 599 2392 dentibus
615 2319 778 2402 subjiciat:
804 2319 884 2382 alter
906 2322 1014 2381 autem
1030 2317 1115 2380 oleas
1137 2337 1213 2382 suas

98 2423 130 2484 in
161 2423 261 2486 altum
288 2423 394 2505 jaciat,
423 2443 475 2487 ore
503 2429 611 2508 aperto
640 2426 788 2509 excipiat,
821 2429 979 2508 exceptas,
1011 2429 1046 2487 ut
1073 2424 1214 2488 calculos

99 2531 344 2612 praestrigiator,
375 2531 569 2614 primoribus
596 2531 695 2594 labris
727 2531 888 2595 ostentet?
933 2529 982 2593 Ea
1010 2549 1045 2594 re
1073 2530 1213 2613 profecto

100 2637 189 2716 pueri
230 2636 402 2717 laudent,
447 2638 601 2701 convivae
640 2636 858 2721 delectantur}
919 2636 1037 2700 Jacobs
1080 2637 1215 2718 conjecit

100 2741 282 2824 plaudant,
305 2742 361 2806 sed
385 2748 456 2806 tum
479 2748 704 2827 exspectamus
727 2745 766 2809 ‘ei
789 2743 857 2825 rei’‚
879 2763 944 2806 non
968 2744 1014 2806 ‘aa
1038 2742 1091 2806 re'.
1138 2741 1213 2806 Mue
1272 2766 1277 2768 ·

100 2847 172 2910 tzell
198 2848 219 2912 l.
249 2867 274 2910 c.
302 2851 468 2932 proposuit
498 2850 700 2914 laudentur.
746 2849 808 2915 Sed
830 2851 891 2913 hoc
918 2850 1094 2933 simplicius
1125 2849 1214 2912 vide-

101 2957 166 3016 tur:
202 2953 259 3016 ‘Ea
290 2973 393 3038 repr.
426 2957 518 3039 pueri
551 2957 703 3038 ludant,
738 2958 893 3020 convivae
928 2955 1148 3038 delectentur',
1178 2961 1215 3020 ut
1264 3005 1267 3014 ,

101 3061 188 3141 pueri
212 3059 361 3126 ludentes
384 3063 531 3126 convivis
556 3063 718 3126 delectatis
742 3067 950 3147 opponantur.

185 3180 521 3268 sumamma,
549 3215 590 3236 =
620 3206 652 3279 p.
680 3183 740 3258 163
766 3205 882 3259 versus
910 3181 1018 3257 finem.
1064 3186 1142 3250 Post
1169 3187 1214 3250 la-

101 3310 217 3354 cunam
241 3292 321 3355 haec
343 3293 511 3376 leguntur:
538 3345 543 3357 .
570 3345 576 3359 .
607 3293 762 3376 .‘optimo
785 3295 820 3356 in
844 3298 909 3357 tam
932 3294 1006 3356 trita
1030 3297 1060 3356 et
1083 3293 1214 3356 assidua

101 3396 158 3459 tibi
182 3399 316 3461 materia
337 3398 485 3462 invenire
510 3403 545 3462 et
567 3398 681 3484 posse]¹
706 3399 847 3484 Apparet
869 3400 1096 3484 corrigendum
1128 3420 1210 3464 esse:

100 3504 244 3568 invenire
259 3507 295 3568 te
317 3523 420 3588 possa.

185 3623 268 3700 Ibid.
292 3649 323 3721 p.
346 3625 407 3699 166
435 3649 467 3698 v.
496 3626 535 3699 21
562 3649 610 3724 sq.
664 3631 736 3695 ‘Res
764 3633 852 3714 istae,
880 3652 961 3715 quas
990 3651 1050 3694 nec
1083 3629 1212 3714 [tacere]

100 3735 271 3816 voluimus,
286 3755 346 3799 nec
362 3755 479 3819 negare
495 3734 701 3820 eredimusssss)
726 3743 775 3820 et,
798 3739 824 3802 si
844 3737 889 3801 dii
904 3739 1001 3821 aequi
1020 3741 1105 3819 sunt,
1121 3757 1214 3802 veras
1325 3811 1328 3818 ,

100 3845 131 3902 et
157 3847 371 3924 congruentes
400 3844 595 3927 simplicitati
623 3848 752 3909 nostrae
779 3845 938 3908 amicitiae
971 3863 1096 3927 semper
1123 3843 1213 3908 adse-

101 3946 257 4031 quamurl.
303 3949 410 4014 Verba
432 3955 540 4014 carent
567 3953 815 4016 constructione.
860 3951 946 4015 Leve
976 3951 1093 4014 vitium
1121 3951 1213 4014 tacile

188 4231 235 4300 63)
259 4231 327 4286 Ellis
344 4231 456 4287 Journal
479 4234 507 4287 of
522 4233 664 4302 Philology
687 4233 739 4290 vol.
758 4234 773 4288 Ι
790 4251 816 4304 p.
835 4234 869 4289 15
889 4232 1015 4302 conjecit:
1040 4232 1097 4284 ‘nec
1115 4245 1212 4299 negare

101 4322 126 4389 [a
143 4323 183 4391 re]
203 4320 259 4392 (vel
277 4323 303 4390 [a
321 4321 371 4392 rel)
391 4322 532 4376 credimus.
