3110 4982
528 1302 530 1306 ⁸
626 1356 700 1432 11.

133 1533 186 1650 le
213 1533 465 1650 tuendorun
489 1533 705 1680 poetarum
732 1499 914 1649 remites
944 1561 997 1648 eu
1020 1533 1205 1678 cursans

310 1818 318 1828 .
376 1711 656 1829 lrontoniunis
680 1709 959 1828 restituendis,

568 1949 770 1970 ——4-——u

199 2085 302 2162 Quam
326 2087 449 2170 ingenti
473 2086 578 2149 studio
597 2085 713 2147 Fronto
737 2084 930 2170 Marcusque
953 2093 1099 2151 ueterum
1125 2090 1224 2172 scrip-

110 2199 215 2256 torum
238 2193 457 2255 Romanorum
481 2191 579 2254 verba
601 2193 716 2254 imitati
740 2193 813 2273 sint,
837 2212 908 2254 oum
934 2213 951 2256 a
973 2194 1120 2277 pluribus
1136 2195 1223 2275 lucia,

111 2300 228 2382 quibus
262 2301 324 2382 ipsi
358 2319 429 2362 eam
462 2318 530 2362 nem
560 2299 685 2361 disertis
707 2287 814 2362 uerbis
837 2298 1045 2382 testantur,70)
1080 2307 1149 2364 tum
1183 2321 1224 2364 ex

110 2427 220 2469 eorum
260 2407 439 2468 elocutione
480 2424 563 2488 quae
601 2404 723 2488 ubique
761 2405 984 2489 antiquitatem
1022 2407 1224 2470 sacculorum

110 2513 244 2596 puluere
268 2513 457 2594 araneisque
481 2515 596 2574 tectam
622 2512 712 2593 sapit,
736 2511 941 2574 notissimum
965 2516 1019 2576 est.
1059 2513 1143 2576 Sane
1169 2515 1225 2596 qui

111 2619 162 2683 uel
186 2620 306 2682 cursim
328 2620 386 2682 has
415 2619 567 2701 epistulas
595 2617 771 2700 perlegerit,
800 2618 1009 2681 admiratione
1040 2621 1138 2684 simul
1159 2625 1225 2683 tae-

111 2726 229 2809 dioque
251 2730 357 2788 motus
381 2725 541 2806 fatebitur,
564 2725 620 2784 vix
647 2743 804 2805 umquam
831 2725 866 2786 in
890 2723 1066 2789 litterarum
1094 2728 1226 2790 historia

111 2837 177 2895 tam
206 2851 367 2916 operosam
402 2831 597 2915 diligentiam
630 2834 694 2892 tam
725 2831 808 2893 male
839 2833 993 2895 evenisse.
1040 2831 1101 2896 Sed
1132 2853 1226 2917 auge-

110 2938 197 3002 bitur
228 2939 395 3001 admiratio
422 2939 638 3020 taediumque,
662 2938 689 2998 si
715 2940 914 3020 pertractatis
942 2959 1015 3001 cum
1048 2959 1125 3002 cura
1151 2940 1225 3003 reli·
1257 2935 1258 2938 '

111 3047 195 3128 quiis
219 3043 444 3108 Frontonianis
467 3044 532 3108 fero
554 3047 589 3106 in
613 3063 680 3106 una
704 3064 832 3127 quaque
855 3047 1075 3109 enuntiatione
1098 3047 1132 3108 in
1154 3066 1225 3110 uer-

109 3152 225 3215 borum
257 3159 288 3216 et
320 3152 444 3216 delectu
476 3155 507 3213 et
529 3151 735 3213 collocatione
763 3152 1053 3236 conJunctioneque
1081 3155 1224 3236 exquisi-

109 3261 270 3322 tissimum
293 3259 485 3340 sudorisque
507 3257 731 3340 plenissimum
746 3259 863 3320 veteris
878 3256 1059 3322 Latinitatis
1080 3260 1223 3323 studium
1325 3261 1326 3264 ’

109 3367 277 3430 inuenerit.
323 3365 365 3427 Et
388 3383 538 3448 nragnam
562 3367 682 3447 partem
704 3366 769 3446 jam
794 3364 891 3445 hujus
919 3366 1105 3428 imitationis
1128 3367 1225 3430 vesti-

108 3474 161 3556 gia
188 3472 228 3535 ab
256 3470 432 3534 editoribus
461 3471 596 3552 aliisque
619 3472 697 3542 vinis
726 3470 836 3552 doctis,
862 3471 946 3534 inter
974 3493 1055 3555 quos
1083 3475 1226 3536 maxima

109 3599 184 3641 cum
208 3578 304 3640 laude
332 3576 541 3660 appellandus
569 3581 617 3640 est
641 3576 723 3639 Guil.
752 3575 952 3654 Studemund
977 3579 996 3640 l.
1020 3599 1045 3640 c.
1069 3599 1097 3662 p.
1121 3578 1225 3642 XXX

110 3706 156 3768 sq.
181 3685 313 3748 collecta
337 3688 425 3762 sunt3
456 3683 542 3765 quod
570 3687 676 3746 tamen
700 3703 767 3746 nou
793 3685 837 3746 ita
864 3683 983 3746 factum
1011 3689 1067 3765 est,
1094 3690 1132 3766 ut
1158 3705 1225 3749 non

108 3792 241 3875 grandis
269 3791 360 3873 copia
383 3791 413 3853 ei
436 3790 546 3851 relicta
574 3790 623 3869 sit,
652 3791 707 3871 qui
731 3788 906 3870 aliquando
940 3790 979 3853 ad
1011 3794 1109 3853 totam
1141 3793 1226 3855 hanc

109 3899 330 3980 quaestionem
362 3895 508 3958 funditus
542 3895 770 3958 absolvendam
807 3896 1000 3978 accingetur.
1059 3895 1151 3971 Quod
1184 3918 1225 3961 ne

109 4008 278 4088 exspectes
303 4024 321 4066 a
353 4023 405 4065 me
428 4020 516 4064 nuuc
547 4007 732 4085 susceptum
763 4003 812 4082 iri,
843 4002 1014 4084 peculiaris
1044 4003 1077 4065 id
1111 4023 1225 4090 operae

109 4116 159 4175 est
180 4130 287 4192 neque
310 4115 375 4172 tam
400 4114 466 4172 ante
490 4127 563 4170 cum
588 4128 625 4171 ea
647 4128 691 4189 re,
715 4128 812 4190 quam
837 4109 914 4184 mihi
935 4111 1096 4192 proposui,
1112 4111 1225 4174 cohae-

201 4355 245 4427 70)
265 4357 298 4410 ol.
317 4371 398 4424 supra
415 4371 441 4422 p.
460 4353 495 4408 18
513 4354 574 4407 adn.
592 4355 680 4415 484.
