3078 4984
14 3559 15 3602 l

14 3663 15 3698 l

14 3703 16 3732 i

14 3805 16 3896 l

625 407 670 475 49

100 599 239 666 Nolana
262 601 392 684 occidat,
423 621 465 666 ne
497 607 615 666 ventus
647 604 814 666 lucernam
846 604 1025 684 interemat,
1060 621 1101 664 ne
1133 600 1213 685 quid

101 708 152 770 tibi
182 711 237 790 (ita
267 707 388 790 Majus3
426 709 494 772 cod.
528 710 607 793 quid
638 709 694 792 ibi)
726 728 743 772 e
772 709 891 792 frigore
924 709 1117 792 implioiscat
1152 706 1211 793 (ita

102 814 240 895 Mueller3
274 815 341 878 cod.
364 815 582 901 impliciscar),
613 835 654 880 ne
676 816 805 898 fluctus,
837 817 1015 897 noradus,
1046 835 1087 878 ne
1115 816 1212 898 piscis

103 922 200 1004 aliqua
229 921 391 1004 (Mueller;
428 923 497 986 cod.
527 924 646 1007 aliquo)
681 925 798 987 noxsit.
851 921 939 986 Haec
974 924 1074 985 oratio
1103 941 1212 984 aman-

101 1028 180 1091 tibus
211 1031 344 1109 (amanti
376 1030 448 1113 plus
472 1029 604 1113 Madvig
626 1029 761 1093 Advers.
785 1030 854 1092 crit.
877 1029 911 1091 H
933 1050 962 1113 p.
988 1029 1063 1109 613)
1097 1029 1213 1111 decuit,

101 1139 128 1196 et
148 1136 260 1198 melior
283 1141 314 1199 et
337 1135 496 1199 salubrior
518 1137 589 1217 fuit,
612 1157 677 1200 non
701 1137 805 1199 alieno
830 1136 957 1218 capitali
978 1135 1122 1219 periculo
1146 1154 1212 1198 seo-

101 1243 156 1303 turi
178 1242 351 1326 voluptatis
374 1263 509 1306 usuram
532 1243 662 1307 brevem
690 1263 728 1306 ac
751 1242 998 1326 paenitendum}
1045 1241 1077 1306 Ο.
1103 1241 1136 1304 ll.
1159 1239 1210 1304 W.

101 1347 231 1410 Mueller
253 1368 310 1432 pro
334 1348 441 1412 verbis
466 1353 507 1412 ‘te
531 1350 570 1412 ad
593 1351 654 1412 hoc
671 1349 785 1413 noctis'
810 1367 893 1432 quae
909 1354 1040 1433 propter
1054 1367 1213 1432 gramma-

100 1455 177 1517 ticae
200 1455 330 1538 regulas
362 1456 439 1518 ferri
471 1461 647 1540 nequeunt,
680 1457 794 1520 collato
818 1456 1022 1519 Curculionis
1046 1455 1215 1518 Plautinae

100 1559 228 1642 initi087)
253 1563 370 1644 optime
386 1582 458 1625 meo
483 1563 614 1645 quidem
634 1563 758 1644 judicio
775 1563 910 1644 conjecit
931 1562 993 1624 ‘ted
1013 1562 1072 1624 hoc
1092 1561 1214 1625 noctis'.

100 1665 177 1729 Nam
202 1687 275 1730 cum
307 1668 482 1730 lenissimis
515 1668 710 1752 quibusdam
734 1669 968 1732 mutationibus
988 1667 1121 1750 jambici
1145 1685 1216 1751 sep·
1244 1722 1246 1726 .

100 1774 211 1836 tonarii
235 1774 418 1856 evaderent,
450 1775 528 1838 haec
561 1773 659 1838 verba
690 1777 776 1838 inter
808 1776 990 1860 tragoediae
1022 1774 1144 1874 frustpa
1166 1793 1216 1836 re-

100 1880 250 1962 cipienda
278 1900 357 1944 esse.
408 1880 523 1964 Neque
553 1887 661 1945 tamen
693 1884 761 1964 ipse
792 1901 907 1946 versus
939 1881 1096 1944 formavit.
1152 1878 1216 1943 Ob-

100 1987 224 2049 locutus
257 1992 305 2050 est
338 1984 412 2050 Otto
442 1987 586 2051 Ribbeck
619 1991 653 2050 in
684 1989 850 2052 corollario
881 1989 1076 2070 tragicorum
1100 1985 1217 2049 Roma-

99 2111 214 2155 norum
238 2092 489 2176 fragmentorum
513 2095 645 2157 editioni
665 2095 760 2160 alteri
779 2096 955 2178 praemisso
979 2115 1007 2178 p.
1026 2092 1134 2156 LXX:
1160 2113 1216 2156 ex-

100 2200 217 2280 pressis
252 2200 338 2261 enim
376 2199 483 2263 verbis
520 2203 630 2264 testari
664 2199 874 2282 Frontonem,
906 2202 1003 2264 talem
1038 2201 1074 2262 in
1107 2199 1217 2262 fabula

101 2307 276 2368 orationem
307 2325 373 2368 non
405 2305 547 2370 habitum
579 2327 656 2372 esse.
713 2307 755 2370 Et
785 2327 826 2370 ue
858 2306 1050 2370 Muellerum
1087 2305 1217 2389 quidem

101 2431 154 2474 eas
186 2413 381 2475 mutationes
412 2413 580 2494 indicasse,
613 2413 731 2497 quibus
764 2413 856 2477 factis
886 2413 1016 2476 iambici
1044 2412 1217 2494 septenarii

99 2520 174 2585 lnon
198 2518 245 2580 illi
270 2519 401 2600 quidem
434 2520 637 2584 usitatissimi
658 2521 692 2581 in
716 2519 894 2604 tragoedia)
919 2520 1099 2583 evaderent.
1148 2517 1218 2592 Qua

97 2626 130 2686 in
155 2644 190 2687 re
215 2643 281 2687 non
304 2629 390 2688 recto
410 2625 534 2707 judicio
563 2646 643 2689 usus
673 2645 742 2688 esse
765 2626 892 2688 videtur
915 2627 965 2687 vir
988 2626 1108 2698 doctus.
1155 2623 1217 2687 Sed

97 2733 239 2813 primum
277 2731 316 2793 de
353 2729 502 2794 Muelleri
540 2733 697 2795 sententia
728 2731 906 2795 videamus.
962 2731 1069 2794 Verba
1101 2731 1218 2813 ‘potius

98 2858 197 2920 quam
220 2874 264 2882 —
287 2836 406 2900 nonsit’
431 2839 458 2900 si
482 2839 731 2914 consideramus,
766 2839 937 2921 septenarii
966 2839 1095 2920 quidem
1118 2855 1213 2918 aegre

97 2963 138 3006 ex
163 2945 209 3006 eis
233 2942 425 3025 efficiuntur,
457 2945 512 3007 sed
545 2963 582 3006 eo
613 2945 740 3008 facilius
771 2946 890 3008 senarii
914 2944 1059 3026 jambici:
1096 2943 1213 3006 vocula

96 3051 184 3112 enim
207 3049 268 3111 ‘ne’
293 3050 392 3113 semel
415 3051 555 3132 trajecta,
579 3053 678 3115 semel
701 3054 819 3115 omissa
841 3052 900 3115 hos
922 3050 1021 3113 habes
1044 3068 1172 3112 versus:

259 3177 385 3236 tantum
408 3174 560 3257 profundi
582 3177 692 3258 patiar.
738 3175 787 3238 Ne
810 3175 888 3237 luna
911 3175 1043 3255 occidat,

259 3285 376 3344 ventus
400 3279 567 3344 lucernam
590 3301 630 3346 ne
653 3285 833 3362 interemat,
857 3300 898 3344 ne
922 3280 1001 3364 quid
1025 3278 1084 3342 tibi

260 3408 277 3452 e
300 3389 417 3471 frigore
440 3388 639 3470 impliciscat,
663 3408 702 3451 ne
725 3387 854 3469 fluctus,
879 3388 992 3466 vadus,

260 3514 301 3558 ne
322 3495 421 3577 piscis
445 3494 554 3577 aliqua
576 3495 686 3558 nonsit
709 3533 752 3540 -
771 3527 789 3547 υ
812 3531 853 3540 -
874 3527 891 3546 ν
914 3532 964 3558 -.

94 3619 235 3703 Singula
264 3617 361 3682 verba
388 3619 570 3700 considera,
598 3638 707 3682 nonne
730 3639 747 3682 e
769 3620 872 3682 forma
889 3616 1018 3680 ‘nonsit’
1042 3617 1134 3698 cujus
1158 3635 1214 3679 ex-

93 3727 243 3811 emplum
277 3725 363 3809 apud
386 3724 580 3788 Frontonem
607 3745 673 3788 non
700 3727 879 3804 invenitur,
909 3722 1057 3788 everbis
1080 3725 1214 3786 ‘tantum

188 3992 235 4060 87)
255 3991 332 4046 Cure.
351 3989 372 4057 Ι,
392 3988 447 4056 1,1:
479 3987 536 4054 Quo
564 3989 608 4041 ted
626 3989 677 4042 hoc
696 3989 782 4043 noetis
810 3989 895 4043 dicam
917 3987 1049 4057 proficisci
1067 3988 1137 4042 foras
1156 3986 1214 4055 sq.?

92 4080 225 4134 Ceterum
249 4077 375 4134 Muelleri
398 4077 480 4130 verba
505 4079 611 4146 propter
634 4077 674 4130 rei
703 4078 860 4146 gravitatem
879 4077 1041 4132 adscribam:
1071 4076 1120 4129 Ich
1146 4075 1215 4130 habe

91 4169 174 4223 diese
193 4169 275 4224 Stella
298 4169 445 4238 vergebens
469 4168 498 4221 in
518 4169 569 4221 den
593 4165 885 4235 Tragikerfragmenten
908 4166 1028 4235 gesucht
1058 4165 1148 4218 wobin
1176 4163 1215 4218 sie

91 4259 170 4312 doch
189 4258 241 4313 wol
258 4258 400 4328 jedenlalls
418 4257 523 4327 gehdrt.
560 4255 611 4308 Mit
636 4271 703 4323 ganz
727 4255 931 4324 geringsiigigen
950 4255 1146 4322 Aenderungen
1174 4269 1215 4305 er-

91 4348 186 4416 geben
207 4348 266 4401 sich
281 4347 431 4416 jambische
450 4345 602 4412 Septenare.
640 4343 714 4398 Haec
733 4344 831 4411 omnia,
848 4342 919 4396 nihil
936 4342 1060 4412 amplius

1003 4444 1021 4495 4
