3110 4982
848 417 890 487 34

312 613 520 676 contincatur.
566 611 614 675 Ea
637 612 724 674 enim
746 611 875 695 linguae
898 612 1031 678 Latinae
1054 614 1177 678 indoles
1206 618 1262 694 cst,
1295 617 1329 675 ut
1359 619 1427 675 tro-

312 719 422 782 chaico
454 720 655 802 potissimum
688 737 766 780 sono
797 724 942 801 regatur;
975 723 1168 804 faciliusque
1200 721 1240 783 ad
1265 719 1431 802 simplices

311 826 382 888 illas
405 825 640 889 trochaicorum
659 824 939 907 jambicorumque
955 833 1131 891 metrorum
1147 827 1282 910 regulas,
1306 824 1431 907 quibus

312 933 438 1014 antiqui
460 937 571 1015 poetae
586 929 693 994 Latini
708 930 889 1013 utebantur,
912 953 1016 997 sermo
1032 913 1302 1013 accommodatur,
1326 952 1431 1015 quam

311 1039 352 1101 ad
375 1037 562 1100 artificiosas
575 1037 865 1100 hexametricorum
881 1058 1036 1103 versuum
1053 1060 1191 1104 normas.
1237 1039 1294 1103 Sin
1317 1044 1430 1102 autem

310 1164 377 1208 non
409 1145 507 1207 unius
540 1144 719 1207 duorumve
750 1144 805 1206 sed
837 1143 982 1226 plurium
1013 1166 1168 1210 versuum
1200 1147 1301 1230 spatio
1325 1147 1429 1208 oratio

307 1251 447 1333 jambico
470 1251 522 1314 val
544 1250 703 1313 trochaico
727 1268 805 1312 sono
828 1255 967 1333 regatur,
998 1255 1206 1336 perspicuum
1234 1257 1291 1334 est,
1321 1252 1429 1314 multo

312 1359 432 1439 majore
452 1358 527 1439 jure
549 1375 609 1418 nos
631 1356 792 1438 genuinos
815 1375 928 1420 versus
953 1361 1109 1441 suspicari
1132 1379 1233 1443 posse.

398 1462 472 1526 dam
496 1464 523 1526 si
547 1462 587 1525 ad
609 1462 693 1525 bano
715 1481 785 1524 rem
807 1464 1001 1546 primariam,
1024 1466 1063 1529 do
1082 1485 1146 1548 qua
1162 1466 1255 1529 modo
1273 1465 1429 1546 diximus,

311 1589 461 1654 quaeque
493 1569 584 1632 nobis
617 1587 743 1650 semper
773 1568 918 1633 condicio
949 1573 1018 1634 sine
1051 1593 1116 1655 qua
1148 1592 1223 1654 non,
1255 1577 1292 1636 ut
1323 1574 1429 1655 ajunt,

311 1677 381 1756 erit,
404 1676 555 1739 aoocdcnt
577 1673 677 1738 verba
692 1673 929 1758 verborumque
945 1679 1141 1761 complexus,
1165 1699 1249 1762 quae
1273 1698 1329 1742 seu
1352 1699 1427 1762 gra-

310 1785 408 1845 vitate
432 1802 489 1846 seu
513 1783 670 1845 suavitate
686 1799 745 1844 seu
759 1783 835 1844 viva
851 1784 1013 1847 alacritate
1029 1785 1267 1848 comoediarum
1283 1788 1428 1849 maxime

309 1891 437 1972 propria
459 1910 479 1952 a
501 1889 592 1951 solito
616 1888 778 1970 scriptoris
801 1908 946 1952 sermone
975 1891 1165 1973 discrepant,
1196 1894 1428 1975 poeticumque

309 1996 429 2059 fontem
460 1996 642 2058 luculenter
674 1994 844 2077 declarant,
877 1998 1017 2060 multum
1048 2016 1085 2060 ea
1117 2016 1152 2060 re
1183 2003 1293 2061 nostra
1315 2000 1427 2081 opinio

310 2101 560 2165 confirmabitur.

398 2208 487 2272 Idem
523 2208 580 2270 fiet
612 2209 647 2269 in
684 2207 798 2270 talium
834 2211 986 2272 orationis
1020 2209 1198 2292 figurarum
1233 2211 1427 2294 dicendique

309 2315 521 2378 formularum
552 2334 628 2396 usu,
663 2333 747 2397 quae
778 2317 880 2397 poetis
914 2317 949 2379 in
982 2319 1080 2379 variis
1113 2319 1218 2400 poesis
1252 2318 1427 2401 generibus

310 2423 451 2486 maxime
474 2423 610 2486 usitatae
632 2421 729 2485 fuere.

397 2529 496 2592 Porro
520 2549 596 2592 cum
619 2529 715 2610 citati,
739 2529 824 2611 quod
842 2530 987 2610 dicimus
1011 2534 1126 2592 natura
1140 2530 1230 2608 ferat,
1254 2535 1290 2593 ut
1306 2530 1425 2593 talibus

308 2637 510 2720 potissimum
534 2634 640 2698 verbis
664 2635 865 2699 extrinsecus
898 2636 1075 2719 adsumptis
1108 2638 1207 2699 oratio
1240 2642 1426 2718 exornetur,

309 2745 344 2805 in
376 2743 497 2826 quibus
530 2742 651 2824 aliquid
686 2743 862 2806 sententiae
893 2742 1051 2826 generalis
1083 2743 1211 2827 locique
1243 2746 1424 2807 communis

308 2851 399 2932 insit,
436 2869 477 2913 ne
509 2849 541 2911 id
575 2848 707 2930 quidam
740 2855 966 2932 argumentum
998 2869 1071 2912 cum
1108 2850 1177 2912 aliis
1215 2850 1422 2930 conjunctum

310 2956 528 3039 spernendum
552 2975 622 3019 esse
644 2954 880 3021 arbitrabimur.

398 3061 564 3125 Postremo
589 3082 662 3124 curn
686 3063 798 3125 tritum
818 3063 886 3144 jam
914 3063 955 3124 sit
983 3067 1014 3125 et
1035 3063 1268 3146 pervulgatum,
1302 3069 1424 3145 quanto

309 3169 552 3246 allitterationiS,
578 3189 676 3252 quam
701 3169 845 3249 dicimus,
877 3188 984 3231 amore
1008 3169 1146 3232 devincti
1169 3169 1290 3233 fuerint
1313 3174 1424 3252 poetae

309 3273 415 3336 Latini
434 3274 566 3356 antiqui,
589 3275 693 3338 sicubi
711 3275 877 3337 insolitum
894 3275 1054 3357 quendam
1072 3275 1304 3339 allitterationis
1326 3297 1423 3340 usum

309 3382 521 3460 inveniemus,
543 3382 603 3443 hoc
618 3400 773 3464 magnum
790 3385 822 3443 et
836 3399 893 3464 pro
912 3382 959 3443 111
984 3380 1171 3444 difficultate
1200 3383 1276 3444 satis
1291 3381 1422 3446 firmum

310 3492 537 3571 argumentum
562 3489 627 3550 crit·
644 3487 683 3550 ad
707 3493 848 3549 nostram
871 3488 1055 3570 opinionem
1077 3486 1381 3572 confirmandamb)

397 3593 461 3658 Sed
480 3595 548 3676 jam
570 3595 733 3678 tetigimus
749 3613 817 3656 rern
834 3591 1030 3657 difficultatis
1046 3594 1173 3677 plenam
1196 3613 1302 3677 neque
1318 3598 1421 3678 primo

309 3701 433 3776 obtutU,
456 3701 511 3764 sed
533 3700 680 3783 pluribus
703 3699 799 3763 rebus
822 3705 968 3764 accurate
991 3707 1154 3784 perpensis
1174 3700 1422 3782 dijudicandam.

398 3911 442 3980 75)
465 3911 498 3966 oi.
522 3910 613 3964 Naake
636 3909 687 3964 Rh.
712 3910 781 3968 Mus,
807 3910 876 3966 1829
903 3928 929 3979 p.
953 3910 1102 3966 324-418.
1128 3911 1158 3968 L.
1183 3910 1288 3966 Miiller.
1325 3913 1366 3967 De
1394 3932 1423 3968 11

309 4001 385 4053 metr.
413 4001 481 4066 poet.
508 3998 566 4052 Lat.
595 4017 619 4066 p,
647 4000 700 4053 452
728 4016 767 4068 sq.
813 4000 839 4053 J.
867 3999 977 4068 Machly
1008 3999 1166 4054 Schweizer.
1200 3999 1323 4053 Museum
1353 4002 1423 4058 1864

309 4104 334 4155 p.
359 4087 507 4144 207—259.
548 4087 597 4142 Ed.
621 4088 695 4142 Locb
720 4089 759 4141 De
786 4105 838 4142 usu
858 4087 1063 4143 ·allitterationis
1090 4088 1162 4155 apud
1189 4091 1281 4155 poetas
1305 4090 1422 4148 Latinos

309 4174 422 4230 Dissert.
441 4175 553 4244 Regim,
572 4191 640 4244 quae
658 4177 758 4244 prodiit
775 4178 853 4231 Halia
871 4177 967 4233 Saron.
988 4177 1064 4232 1865.
1083 4177 1177 4244 Nuper
1194 4177 1275 4232 falsas
1287 4178 1421 4238 Bartschi.

308 4263 468 4332 Westphali,
493 4264 606 4318 aliorum
632 4265 770 4332 opiniones
789 4267 821 4319 de
839 4283 870 4320 ea
887 4283 917 4320 re
936 4267 1071 4324 refutavit.
1094 4268 1129 4328 H.
1147 4269 1246 4322 Jordan
1270 4267 1339 4323 Krit.
1359 4268 1422 4322 Bei-

307 4354 381 4420 trbge
400 4370 422 4405 z.
442 4353 537 4407 Gesch.
556 4354 582 4407 d.
601 4352 646 4406 lat.
666 4353 724 4422 Spr.
743 4372 768 4423 p.
791 4354 939 4410 167-188.
1025 4343 1028 4350 ⁴
