3110 4982
659 413 699 475 19

120 605 177 664 aut
208 603 305 685 pauoi
336 604 391 664 ant
422 605 548 684 praeter
572 599 722 662 Catonem
748 604 779 662 et
803 599 983 663 Gracchum
1007 619 1101 663 nemo
1125 599 1235 662 tubam

120 707 228 787 inflat3
265 727 376 770 omnes
410 711 517 770 autem
553 707 702 790 mugiunt
735 707 787 770 vel
819 707 959 770 stridunt
989 707 1104 790 potius.
1151 704 1235 781 Quid

120 816 219 898 igitur
234 813 362 876 Ennius
387 814 450 896 egit
471 831 566 895 quem
581 813 708 896 legisti?
733 813 811 895 quid
826 813 1009 896 tragoediae
1026 813 1065 876 ad
1081 831 1235 876 versum

122 920 304 984 sublimiter
325 919 514 982 faciundum
537 923 569 981 te
589 919 764 1001 juverunt?
789 918 983 1001 Plerumque
1007 920 1093 982 euim
1110 919 1150 981 ad
1166 938 1235 981 ora-

122 1029 242 1090 tionem
265 1026 446 1088 faciendam
469 1045 591 1106 verona,
615 1025 655 1088 ad
677 1025 926 1090 versificandum
950 1027 1050 1088 oratio
1063 1026 1165 1109 magis
1181 1025 1235 1088 ad-

116 1132 230 1217 juvat].
278 1131 454 1216 Opprobrio
476 1132 552 1194 faoit
575 1131 740 1215 discipule,
757 1132 843 1214 quod
859 1133 1053 1194 oomioorum
1070 1135 1235 1214 poetarum

123 1244 352 1320 oratorumque
383 1243 529 1302 veterum
561 1235 669 1300 verbis
700 1238 875 1301 orationem
906 1257 998 1301 suam
1021 1239 1235 1321 pompaticam

121 1365 188 1408 non
209 1349 300 1420 reete
320 1345 489 1425 ornaverit,
511 1343 655 1406 Ennium
680 1347 787 1406 autem
811 1346 1014 1428 tragicosque
1029 1348 1147 1428 poetas,
1165 1346 1236 1426 qui·

120 1451 190 1532 bus,
214 1471 289 1514 oum
311 1452 497 1534 plenissimo
521 1469 575 1513 ore
595 1451 778 1532 loquantur,
799 1452 1002 1534 potissimum
1017 1451 1065 1513 uti
1082 1450 1235 1530 debuerit,

120 1559 214 1640 plane
249 1557 434 1641 neglexerit.
481 1556 600 1619 Mirum
633 1561 690 1638 est,
720 1555 914 1620 Frontonem
942 1557 981 1620 de
1005 1557 1146 1620 oratione
1169 1558 1234 1638 epi-

122 1665 255 1727 deiotioa
288 1668 436 1748 agentem
464 1662 570 1726 subito
595 1663 633 1725 de
656 1661 803 1726 versibus
826 1663 986 1726 faciundis
1009 1663 1108 1745 loqui,
1142 1664 1235 1745 quasi

120 1790 196 1834 vero
221 1771 369 1854 disoipuli
393 1771 493 1833 oratio
517 1769 664 1833 versibus
688 1771 863 1852 composita
880 1769 1001 1833 fuisset.
1047 1769 1109 1832 Sed
1132 1770 1234 1852 magis

120 1879 216 1940 etiam
248 1878 381 1958 mirum,
415 1877 450 1938 in
483 1875 693 1959 sequentibus
724 1875 1079 1959 ‘plerumque-adjuvat
1117 1877 1234 1938 iterum

121 1984 159 2047 de
182 2003 277 2068 prosa
301 1984 442 2046 oratione
468 2001 619 2045 versuum
642 1983 778 2044 leotioue
802 1982 984 2063 adjuvanda
1005 1983 1026 2046 i.
1044 2002 1070 2049 e.
1088 1981 1234 2045 versibus

118 2090 249 2152 insertis
266 2083 453 2152 eirornanda
469 2091 542 2172 agi>
574 2087 659 2164 Quid
674 2088 796 2150 multa?
820 2088 981 2152 Versum
998 2089 1233 2172 ineptissimum

121 2201 178 2277 est,
201 2200 233 2258 et
256 2195 526 2259 confidentissime
550 2195 699 2258 emendo:
729 2195 778 2257 ‘ad
801 2194 961 2258 verbum
986 2195 1167 2258 sublimiter
1188 2195 1235 2257 fa-

120 2301 294 2365 ciundum'.
341 2300 433 2376 Quod
468 2303 624 2385 singulari
658 2321 792 2364 numero
816 2299 934 2363 Fronto
962 2303 1077 2383 utitur,
1111 2304 1145 2364 in
1173 2302 1234 2364 hoo

118 2428 159 2471 ue
184 2407 326 2470 offendas
350 2409 388 2471 of.
411 2429 439 2492 p.
465 2409 506 2470 65
530 2430 561 2472 v.
581 2409 621 2469 13
645 2409 744 2470 ‘visus
768 2426 802 2470 es
824 2408 905 2470 mihi
927 2409 1060 2491 insuper
1074 2406 1234 2489 habuisse,

119 2535 194 2577 oum
228 2515 373 2578 ordinem
401 2514 508 2578 verbi
536 2516 586 2578 tui
617 2516 852 2596 inmutassem,
886 2516 934 2577 uti
962 2521 1035 2578 ante
1061 2515 1233 2597 tricipitem

119 2621 255 2702 diceres,
291 2641 387 2703 quam
411 2620 594 2702 Geryonem
622 2620 815 2684 nominares'
842 2641 871 2703 p.
899 2622 962 2683 225
986 2641 1016 2682 r.
1040 2622 1059 2682 2
1083 2621 1129 2682 ‘ut
1151 2621 1233 2684 bene

118 2727 252 2790 haberes
286 2729 382 2810 genio
413 2729 526 2808 otique
558 2727 673 2790 verbo
704 2731 811 2791 vetere
838 2727 959 2790 faceres
983 2729 1091 2818 animo
1114 2727 1234 2810 volup’,

117 2833 174 2896 ubi
206 2853 223 2897 e
250 2833 516 2916 praeoedentibns
544 2834 817 2916 sequentibusque
846 2838 989 2917 apparet,
1025 2834 1233 2898 devotorum

119 2942 256 3024 scriptis,
277 2960 344 3003 non
361 2941 399 3004 de
416 2939 584 3023 proverbio
605 2941 741 3023 quodam
755 2946 860 3004 vetere
871 2940 969 3004 verba
980 2940 1057 3003 fieri.
1081 2961 1111 3024 p.
1128 2941 1233 3022 162‚4

118 3047 285 3110 ‘verbum
308 3047 438 3128 aliquod
462 3047 612 3128 adquiras
635 3067 700 3110 non
722 3047 834 3110 fiotum
857 3067 876 3109 a
898 3053 938 3128 te,
962 3047 1018 3110 sed
1043 3052 1232 3130 usurpatum

119 3155 310 3216 oonoinnius
334 3157 389 3214 aut
412 3155 641 3235 congruentius
666 3159 721 3216 aut
743 3151 1024 3234 commodatius52)
1048 3153 1232 3216 —Eadem

120 3259 299 3322 emendatio
324 3258 433 3340 (verba
455 3279 512 3342 pro
545 3259 611 3322 ood.
635 3261 740 3338 versa)
774 3280 802 3342 p.
829 3260 889 3321 121
916 3279 944 3322 v.
972 3260 1010 3321 11
1036 3279 1055 3321 a
1078 3258 1230 3340 Maehlyo

119 3365 232 3428 Philol.
255 3363 339 3428 XIX
364 3386 393 3448 p.
420 3366 482 3428 159
506 3370 536 3429 et
558 3365 700 3449 Hauptio
722 3365 806 3428 faeta
829 3371 885 3430 est.

206 3469 329 3534 Eodem
364 3472 458 3534 modo
491 3471 626 3535 fortasse
651 3472 825 3546 ¹sanandus
860 3474 920 3534 erit
956 3473 1047 3534 loeus
1084 3466 1132 3540 De
1159 3467 1231 3541 Per.

117 3572 361 3669 Als.III:p.
378 3574 443 3648 230
461 3575 542 3648 v.9:
579 3577 627 3640 Ea
650 3579 774 3641 somnia
804 3578 995 3660 plerumque
1030 3578 1231 3642 adversum

119 3688 362 3746 convertunt.
407 3683 520 3766 igitur,
543 3684 659 3766 Marce,
682 3685 708 3747 si
733 3703 797 3766 quo
821 3683 879 3746 tibi
904 3685 1027 3747 somnio
1050 3685 1126 3746 hinc
1150 3704 1231 3767 opus

118 3795 174 3872 est,
198 3809 311 3855 censeo
334 3788 438 3853 libens
462 3791 602 3853 dormias
625 3791 782 3873 tantisper
805 3790 881 3853 dum
907 3789 993 3873 quod
1017 3792 1109 3872 oupis
1131 3791 1232 3873 quod-

119 3915 181 3978 que
216 3900 347 3979 exoptas
382 3895 529 3978 vigilanti
559 3896 617 3958 tibi
651 3894 823 3980 optingat].
870 3894 918 3958 De
950 3894 1068 3958 talibus
1097 3898 1231 3960 somniis

206 4071 251 4139 52)
276 4070 406 4125 Similiter
429 4070 533 4125 ‘littera'
556 4071 686 4139 singulari
712 4087 822 4124 numero
844 4071 950 4140 legitur,
968 4070 1015 4123 ubi
1034 4070 1163 4138 pluralem
1183 4087 1231 4124 ex·

116 4162 282 4228 spectamus:
310 4176 336 4228 p.
356 4160 389 4215 61
408 4177 435 4213 v.
455 4160 501 4213 17:
530 4159 601 4213 ‘Sota
625 4158 768 4212 Ennianus
796 4160 924 4214 remissus
947 4177 963 4214 a
987 4161 1013 4213 te
1038 4162 1064 4214 et
1086 4160 1115 4212 in
1138 4161 1231 4214 oborta

117 4249 223 4317 puriore
249 4249 275 4302 et
299 4247 435 4302 volumine
460 4247 574 4316 gratiore
598 4249 624 4301 et
642 4247 758 4300 littera
775 4249 919 4317 festiviore,
938 4264 1019 4318 quam
1038 4250 1117 4302 antea
1134 4249 1230 4315 fuerat,

116 4338 232 4393 ridetur.

1015 4435 1047 4488 2*
