3078 4984
658 397 696 459 11

121 593 252 676 graphis
277 590 416 670 Graecia,
450 609 532 671 quos
567 589 704 651 audivit:
740 588 852 670 ‘igitur
885 606 987 669 paene
1023 605 1074 650 me
1106 588 1233 670 opicum

102 687 355 762 'animantem
383 698 423 760 ad
450 697 597 780 graecam
627 697 816 779 scripturam
843 694 1053 777 perpulerunt
1081 694 1234 775 homines,

121 811 158 869 ut
181 805 341 868 Caecilius
366 806 418 885 ait,
444 803 600 866 incolumi
628 798 819 887 inscientia]¹
848 800 1061 864 ‘animantem'
1090 802 1233 882 ineptum

122 932 191 976 esse
215 914 421 995 inpromptu
445 914 500 974 est.
549 909 678 973 Cramer
701 910 748 972 ed.
773 908 877 971 Berol.
901 928 930 991 p.
955 910 1019 971 294
1043 909 1235 972 ‘animarunt

121 1025 151 1083 et
174 1019 235 1101 ad’,
258 1019 403 1082 Eussner
425 1018 444 1079 l.
469 1037 494 1080 c.
519 1015 719 1080 ‘animantes’
749 1019 994 1099 proposuerunt.
1041 1015 1105 1080 Sed
1133 1016 1235 1098 magis

119 1126 223 1210 placet
251 1123 493 1200 ‘animatum’,
524 1124 561 1186 cf.
590 1123 718 1187 Lachm.
747 1143 859 1186 comm.
887 1122 981 1185 Lucr.
1006 1143 1033 1205 p.
1060 1123 1099 1184 78
1128 1127 1160 1185 et
1186 1123 1235 1184 in-

121 1233 224 1295 dicem
248 1231 430 1294 Latinitatis
457 1229 575 1294 Naberi
609 1231 742 1294 editioni
771 1230 916 1292 additum
939 1251 962 1292 s.
987 1250 1015 1292 r.
1040 1229 1235 1292 ‘desideran-

120 1338 265 1420 tissinre',
289 1339 376 1421 quod
400 1339 530 1420 saepius
554 1358 611 1421 pro
635 1336 924 1434 ‘desideratissime'
949 1338 1089 1419 positum
1113 1340 1168 1398 est.

209 1441 262 1516 Ad
280 1440 325 1515 Μ.
348 1440 438 1515 Gaea.
461 1439 549 1514 III2
568 1473 609 1491 -·-
628 1465 659 1536 p.
680 1441 725 1514 40
744 1464 774 1513 v.
790 1440 838 1513 19.
890 1442 1041 1525 Magistro
1073 1442 1236 1506 Herodem

120 1552 265 1614 Atticum
293 1553 482 1614 incusaturo
506 1551 548 1615 M.
579 1549 694 1615 Caesar
722 1551 845 1631 suadet,
875 1555 910 1612 ut
941 1551 1128 1613 iracundiae
1159 1569 1236 1612 suae

122 1664 277 1742 temperet
312 1663 343 1721 et
378 1678 474 1740 quam
510 1658 673 1721 lenissime
705 1662 819 1720 tractet
861 1657 1023 1719 hominem
1059 1657 1119 1720 sibi
1159 1657 1237 1720 ami-

121 1766 302 1828 cissimum:
327 1764 451 1848 ‘Neque
482 1766 584 1828 ullum
613 1765 715 1846 video,
744 1766 800 1847 qui
833 1769 864 1826 te
892 1765 926 1825 in
957 1765 1017 1827 hac
1044 1784 1079 1826 re
1106 1783 1236 1826 monere

121 1873 252 1935 audeat:
283 1892 355 1934 narn
386 1873 441 1954 qui
470 1874 580 1935 miuus
608 1873 703 1933 amici
732 1875 815 1951 sunt,
844 1872 969 1934 malunt
995 1875 1026 1934 te
1056 1873 1236 1953 inspectare

119 1980 358 2042 inconstantius
386 1984 546 2062 agentem,
579 1978 635 2060 qui
663 1983 770 2040 autern
805 1979 907 2061 magis
935 1979 1027 2040 amici
1057 1982 1143 2058 sunt,
1171 1996 1236 2039 me·

120 2090 229 2166 tuunt,
254 2105 294 2148 ne
318 2086 499 2148 adversario
523 2091 578 2148 tuo
603 2086 771 2147 amiciores
795 2104 866 2148 esse
890 2086 1068 2164 videantur,
1092 2085 1118 2146 si
1142 2088 1173 2146 te
1197 2081 1236 2144 ab

120 2194 326 2256 accusatione
350 2193 419 2274 ejus
442 2194 570 2275 propria
594 2197 648 2254 tua
673 2191 846 2256 abducant:
872 2196 941 2254 tum
965 2196 1082 2272 autem,
1103 2191 1129 2253 si
1151 2189 1237 2272 quod

119 2305 158 2362 tu
182 2300 216 2360 in
240 2318 310 2362 eam
338 2319 406 2362 rem
434 2300 554 2363 dictum
584 2299 761 2382 elegantius
790 2299 961 2361 meditatus
985 2318 1027 2379 es,
1055 2317 1112 2382 per
1141 2297 1236 2360 silen-

120 2409 204 2470 tium
230 2407 402 2470 dictionem
427 2407 551 2470 auferre
579 2405 635 2468 tibi
664 2425 729 2467 non
758 2407 926 2468 sustinent.
972 2405 1076 2468 Adeo
1106 2406 1173 2468 sive
1201 2408 1237 2467 tu

121 2533 175 2576 me
206 2515 411 2578 temerarium
440 2515 654 2576 consultorem
688 2514 756 2575 sive
784 2513 937 2576 audacem
965 2512 1138 2595 puerulum
1170 2512 1237 2574 sive

120 2621 307 2684 adversario
331 2627 386 2683 tuo
411 2619 700 2684 benevolentiorem
725 2639 795 2696 esse
819 2619 1027 2699 existimabis,
1056 2638 1119 2681 non
1143 2637 1237 2701 prop-

120 2734 220 2809 terea,
237 2728 323 2810 quod
338 2728 550 2791 rectiusesse
575 2727 760 2809 arbitrabor,
783 2727 1016 2811 pedetemptins
1039 2724 1096 2787 tibi
1120 2744 1237 2788 consu-

119 2830 212 2920 laml.
257 2833 297 2897 H.
327 2835 345 2896 l.
371 2836 436 2897 vim
469 2834 644 2917 particulae
677 2834 768 2897 adeo
800 2854 858 2918 ego
893 2833 1042 2916 equidem
1074 2852 1139 2895 non
1167 2851 1237 2915 per-

121 2943 239 3024 spicio;
265 2961 441 3023 numquam
466 2942 552 3004 enim
576 2942 641 3003 vim
665 2941 892 3014 conclusivam,
920 2959 1098 3022 numquam
1127 2938 1238 3001 adver-

121 3049 259 3110 sativam
283 3045 439 3128 habet340)
464 3049 520 3112 sed
545 3048 732 3112 alterutrum
756 3050 785 3111 h.
801 3049 821 3111 l.
840 3045 996 3130 significet
1019 3064 1149 3108 necesse
1173 3049 1237 3123 est3

121 3155 254 3216 tertium
283 3175 347 3217 non
378 3155 478 3218 datur.
529 3155 641 3236 ltaque
672 3157 752 3238 conj.
780 3155 883 3233 Ideo,
916 3170 1010 3235 saepe
1038 3172 1112 3214 cum
1140 3150 1237 3214 ‘adeo’

123 3265 357 3324 commutatum
394 3261 430 3324 cf.
459 3261 613 3346 Spalding
648 3261 779 3337 Quintil.
808 3260 875 3323 XII
905 3260 956 3341 ll,
986 3259 1034 3320 16.
1085 3257 1174 3320 Bene
1204 3259 1238 3320 in

120 3368 186 3432 loci
210 3370 402 3431 senteutiam
426 3370 520 3432 etiam
545 3369 729 3451 quadraret:
755 3369 802 3431 At
831 3386 906 3450 ego.

215 3632 261 3702 40)
286 3633 318 3687 cf.
342 3632 421 3685 Hand
444 3633 556 3690 Tursell.
581 3634 595 3686 I
617 3651 642 3701 p.
669 3636 720 3688 155
743 3635 770 3686 ot
792 3632 891 3700 Reisig.
917 3631 1005 3684 Haase
1025 3637 1040 3693 q·
1059 3631 1118 3685 274.
1157 3628 1240 3681 Miror

124 3721 396 3788 Kretzsehmannum,
420 3721 466 3789 qui
492 3723 532 3774 ‘de
554 3722 686 3776 latinitate
707 3721 820 3789 Apuleji'
840 3737 857 3788 p
876 3720 910 3773 90
935 3718 1156 3786 significationem
1176 3734 1239 3770 con-

125 3810 260 3864 clusivam
284 3827 343 3864 earn
368 3811 526 3878 particulam
549 3811 646 3864 habere
670 3811 698 3862 in
722 3811 765 3862 his
784 3809 891 3877 Apuleji
915 3808 1000 3860 verbis
1018 3806 1144 3859 affirmat:
1173 3805 1238 3858 Flor.

125 3899 169 3953 HI
188 3900 234 3952 79:
254 3899 315 3954 Vox
333 3899 362 3951 in
381 3899 479 3967 vagina
498 3899 599 3952 silentii
618 3898 725 3952 condita
751 3898 853 3952 diutius
871 3898 974 3964 torpore
993 3895 1140 3948 hebetatur.
1177 3894 1239 3947 Tra-

125 3988 206 4056 goodi
224 3988 307 4040 adeo
326 3987 354 4039 ni
374 3988 493 4055 quotidie
515 3987 687 4060 proclamant,
707 3987 837 4040 claritudo
861 3985 967 4040 arteriis
990 3981 1147 4038 obsolescit.
1187 3981 1240 4036 Sed

126 4077 246 4144 apparet,
272 4076 299 4130 h.
318 4074 334 4127 l.
356 4075 436 4130 ‘adeo'
456 4077 554 4130 habere
577 4076 634 4128 vim
657 4076 790 4144 quandam
815 4072 1023 4141 comparativam
1047 4072 1119 4126 haud
1143 4087 1238 4137 raram,

125 4185 210 4236 quam
228 4184 277 4222 uos
298 4165 427 4221 vocabula
445 4165 537 4233 ‘sogar’
557 4165 734 4233 exprimimus
753 4165 786 4222 oi.
806 4163 885 4216 Hand
904 4162 978 4229 Tura,
997 4161 1019 4216 I.
1038 4178 1063 4228 p.
1078 4160 1137 4214 149.
1166 4159 1239 4212 Haeo

123 4256 268 4324 scriptoris
286 4254 418 4309 sententia
436 4257 489 4307 est:
508 4253 563 4322 lpsi
577 4253 703 4321 tragoedi,
724 4252 771 4320 qui
789 4253 843 4304 tam
863 4267 940 4318 saepe
959 4267 1025 4305 voce
1043 4249 1146 4302 intento
1159 4249 1239 4300 utun·

121 4347 181 4414 tur,
200 4347 290 4398 tamen
309 4344 408 4398 claram
427 4360 485 4398 eam
504 4358 661 4399 conservare
680 4343 824 4410 nequeunt,
843 4340 897 4394 nisi
915 4339 1035 4408 quotidie
1054 4338 1185 4392 exercent.
