3078 4984
876 411 894 474 2

327 607 581 693 τατωημιῒθιη
604 601 823 682 tractabimus,
856 620 939 684 quae
971 603 1022 665 vel
1054 605 1254 667 amoenitatis
1286 606 1428 687 pulcritn-
1522 599 1523 652 ἶ

328 710 478 792 dinisque
516 710 682 774 illecebras
720 707 869 793 praebeat
908 708 959 771 vel
998 711 1230 773 sententiarum
1272 712 1430 776 altitudine

326 818 504 900 legentium
531 817 655 880 animos
683 815 792 879 efferat
814 815 868 878 vel
897 835 1007 878 rerum
1034 816 1223 879 traditarum
1250 820 1341 902 copia
1366 839 1430 882 nos-

327 927 408 986 tram
442 924 607 986 scientiam
641 921 822 1007 amplificet,
854 941 963 984 vereor
995 941 1035 986 ne
1070 925 1179 1007 magni
1212 944 1289 987 sane
1322 931 1431 988 tractus

327 1031 506 1094 litterarum
530 1036 560 1094 et
584 1029 779 1094 Graecarum
803 1033 833 1092 et
855 1027 1040 1091 Latinarum
1072 1031 1186 1093 incliti
1211 1031 1341 1112 jacituri
1367 1034 1431 1094 sint.
1523 1085 1524 1110 ,

327 1136 497 1200 Praeterea
524 1156 589 1200 non
613 1136 807 1200 Frontonem
833 1140 960 1218 propter
987 1135 1181 1200 Frontonem
1204 1175 1247 1184 —-
1270 1159 1344 1200 nam
1371 1144 1432 1201 tum

329 1244 459 1326 quidem
484 1262 580 1327 opera
610 1245 682 1307 lusa
706 1249 790 1306 esset
812 1279 855 1287 —
878 1242 1026 1324 legimus
1058 1248 1299 1326 pertractamus
1335 1265 1434 1308 emen-

328 1350 403 1412 dare
425 1350 603 1432 studemus,
627 1351 682 1414 sed
705 1354 834 1433 propter
856 1369 985 1411 morum
1007 1349 1226 1414 Rornanorum
1258 1356 1290 1414 et
1312 1353 1435 1436 linguae

327 1454 460 1519 Latinae
475 1457 650 1539 historiam,
671 1477 768 1539 quarn
792 1475 834 1519 ex
856 1456 917 1518 hoc
941 1455 1026 1520 fonte
1051 1459 1199 1540 quamvis
1222 1458 1315 1521 foedo
1334 1463 1434 1521 tamen
1524 1508 1525 1516 ,

328 1563 474 1626 nonnihil
503 1563 607 1626 bonae
640 1563 742 1646 frugis
773 1563 935 1646 percipere
967 1582 1060 1645 posse
1088 1583 1183 1626 nemo
1212 1565 1352 1648 negabit,
1377 1568 1437 1628 nisi
1524 1595 1525 1598 ¹

328 1671 385 1752 qui
407 1691 587 1753 numquam
611 1689 652 1733 ex
676 1689 712 1733 eo
736 1669 888 1733 hauserit.

415 1811 476 1874 His
500 1813 539 1874 de
563 1812 670 1873 causis
693 1831 735 1873 ex
759 1831 823 1894 qno
847 1813 989 1894 primum
1013 1813 1159 1895 Angelus
1175 1812 1281 1893 Majus
1297 1832 1314 1875 e
1329 1815 1439 1896 palim-

327 1923 434 2001 psesto
461 1917 676 1980 Ambrosiano
704 1922 827 2000 partem
856 1937 964 1980 carum
989 1920 1208 2002 epistularum,
1240 1938 1321 2000 quae
1353 1941 1440 1983 nuno

327 2026 362 2086 in
386 2025 563 2088 novissima
586 2025 724 2087 editione
748 2045 766 2086 a
789 2021 917 2086 Nabero
941 2044 967 2086 a.
984 2022 1265 2086 MDOOGLXVH⁰
1288 2025 1372 2110 lips.
1393 2048 1439 2109 ap.
1525 2031 1526 2052 ¹

326 2131 447 2195 Teubn.
477 2135 588 2194 curata
616 2135 753 2211 exstant,
784 2130 904 2213 publici
931 2131 1016 2211 juris
1043 2131 1126 2213 fecit,
1150 2132 1213 2193 viri
1241 2131 1324 2194 docti
1355 2133 1441 2196 haud

327 2238 548 2320 infrequentes
576 2237 617 2299 ad
643 2235 814 2299 Frontonis
843 2238 959 2320 scripta
991 2237 1158 2300 tractanda
1185 2242 1216 2299 et
1244 2239 1443 2302 emendanda

328 2349 542 2408 accesserunt.
590 2341 677 2418 Quos
702 2361 813 2405 omnes
837 2361 1027 2406 enumerare
1055 2349 1086 2406 et
1112 2344 1247 2426 longum
1279 2351 1310 2407 et
1334 2366 1444 2428 snper-

328 2450 432 2514 lluum
455 2455 512 2532 est,
540 2469 613 2513 oum
644 2449 679 2512 id
707 2469 833 2512 summa
863 2468 936 2511 cum
964 2449 1130 2533 diligentia
1153 2453 1220 2532 jam
1252 2451 1371 2515 factum
1403 2455 1445 2516 sit

328 2578 348 2620 a
380 2557 519 2620 Rudolfo
554 2543 754 2619 Klussmann
790 2557 825 2618 in
865 2557 1085 2620 dissertatione
1117 2556 1327 2660 §ottingensi
1366 2563 1445 2622 anni

329 2658 600 2745 MDCGOLXXF,
635 2665 688 2726 cui
718 2664 881 2746 inscripsit
907 2663 1156 2746 ‘Emendationis
1188 2663 1447 2748 Frontonianae’,

330 2789 478 2853 quaeque
500 2772 632 2852 repetita
655 2775 703 2833 est
729 2771 764 2832 in
794 2770 892 2833 altero
919 2769 1026 2833 libello
1058 2775 1151 2833 aucto
1180 2775 1211 2833 et
1243 2772 1447 2855 amplificam,

327 2877 430 2939 tribus
458 2879 552 2939 annis
579 2882 650 2958 post
680 2877 809 2940 emisso:
841 2875 1101 2939 ‘Emendationes
1124 2876 1360 2941 Frontonianae
1385 2899 1447 2942 scr.

329 2981 365 3044 R.
382 2981 433 3046 Kl.
457 2983 545 3046 Inest
568 2982 705 3065 epistula
728 2984 838 3045 critica
859 2982 1022 3046 Gnilielmi
1047 2982 1250 3046 Studemnnd
1274 2985 1314 3046 ad
1337 2984 1373 3047 R.
1392 2985 1448 3050 Kl.

328 3089 479 3152 Berolini.
504 3088 641 3170 Oalvary
656 3087 952 3171 MDCOGLXIV’.3)
984 3089 1063 3153 Plus
1082 3095 1213 3154 centnm
1232 3091 1312 3154 locis
1328 3091 1452 3155 Kluss-

330 3216 468 3259 mannus
496 3197 678 3278 conjectura
704 3198 858 3260 medelam
890 3197 1002 3260 afferre
1034 3203 1166 3260 conatus
1199 3201 1255 3261 est.
1310 3195 1382 3271 Quo
1414 3200 1452 3260 in

330 3304 458 3386 negotio
494 3323 560 3365 non
595 3322 722 3386 semper
755 3305 824 3387 pari
853 3308 972 3367 eventu
1007 3309 1152 3367 versatus
1182 3309 1236 3367 est.
1289 3303 1454 3378 Quamvis

331 3411 417 3472 enim
456 3409 613 3472 nonnulla
649 3411 804 3492 sagaciter
838 3412 1003 3474 invenisse
1041 3415 1072 3473 et
1106 3429 1230 3493 semper
1268 3431 1334 3473 non
1377 3413 1455 3474 sine

331 3516 475 3579 doctrina
498 3516 601 3599 egisse
620 3516 818 3597 judicandus
843 3519 891 3600 sit,
915 3522 1022 3580 tamen
1046 3535 1149 3598 saepe,
1179 3516 1234 3579 ubi
1268 3518 1457 3580 difficiliora

330 3623 476 3703 tentavit,
508 3628 563 3686 aut
590 3642 721 3706 prorsus
748 3622 867 3687 falsum
895 3629 950 3687 aut
979 3643 1093 3706 parum
1120 3621 1282 3705 probabile
1310 3626 1456 3687 invenit.

333 3727 499 3792 Praeterea
538 3729 685 3811 quamvis
723 3729 759 3790 in
798 3731 962 3813 diligentia
1006 3729 1093 3812 operi
1136 3730 1279 3792 adbibita
1317 3749 1460 3793 summa

332 3833 542 3898 Klnssmanni
565 3839 636 3901 laus
660 3837 871 3918 contineatur,
897 3842 1005 3899 tamen
1032 3856 1099 3899 non
1126 3836 1246 3918 ubique
1274 3838 1461 3919 neglegen—

331 3943 395 4004 tiae
419 3943 546 4026 culpam
569 3945 669 4006 vitare
691 3939 829 4026 potuita)

332 4124 543 4132 ——-—...

422 4241 448 4311 3)
468 4243 578 4311 Semper
596 4242 709 4297 alterum
727 4240 849 4294 libellum
868 4239 1019 4295 citabimus

421 4347 449 4417 4)
469 4349 594 4404 nillil.
614 4367 636 4404 c.
655 4367 680 4418 p.
699 4351 734 4403 42
754 4347 858 4402 ‘ceteris
876 4347 943 4400 locis
961 4346 1084 4400 omnibus
1106 4346 1214 4401 «vinea»
1236 4348 1368 4416 scriptum
1392 4350 1462 4402 ost‘.
