3078 4984
855 411 896 474 14

319 604 390 669 sula
412 603 552 667 Aenaria
574 603 662 665 intus
685 603 718 664 in
742 603 816 665 lacu
839 603 934 666 aliam
957 601 1099 664 insulam
1121 599 1257 684 protegit
1273 599 1312 662 ab
1329 598 1429 661 omni-

317 712 379 775 bus
412 710 561 794 periculis
592 714 703 791 tutam,
737 711 881 772 omnium
915 728 988 772 vero
1022 707 1207 770 deliciarum
1230 708 1428 790 participem:

318 820 395 882 item
416 822 508 901 pater
529 821 606 880 tuus
629 818 753 900 imperii
777 817 900 880 romani
923 815 1084 878 molestias
1109 818 1204 896 atque
1229 813 1430 875 difficultates

318 927 387 1009 ipse
410 925 594 1008 perpetitur,
616 929 647 987 te
670 928 776 986 tutum
799 924 887 985 intus
903 924 937 984 in
953 921 1125 1003 tranquillo
1142 922 1215 984 sinu
1238 940 1295 983 suo
1309 920 1429 998 socium

321 1033 484 1116 dignitatis
511 1030 631 1113 gloriae
660 1028 883 1113 bonorumque
911 1031 1055 1093 omnium
1083 1029 1269 1111 participem
1291 1024 1430 1089 tutatur'.

319 1139 370 1201 Ex
394 1139 453 1200 hac
475 1138 614 1219 imagine
638 1136 818 1200 luculenter
841 1140 979 1220 apparet,
1002 1135 1100 1198 verba
1124 1136 1165 1196 ‘in
1190 1139 1254 1197 tuo
1279 1139 1374 1217 atque
1394 1134 1430 1204 in

320 1247 368 1308 tui
401 1246 500 1329 patris
534 1242 618 1307 sinu’
651 1245 735 1306 recte
764 1261 797 1305 se
820 1241 938 1305 habere
961 1262 1026 1304 non
1049 1261 1151 1325 posse.
1198 1241 1281 1304 Nam
1306 1239 1431 1303 nonde

320 1353 488 1434 utriusque
511 1351 585 1413 sinu
608 1350 713 1432 imago
737 1354 793 1426 est,
818 1348 873 1411 sed
897 1349 935 1412 de
957 1348 1023 1412 filio
1047 1351 1081 1411 in
1104 1350 1203 1432 patris
1227 1349 1301 1412 sinu
1325 1367 1343 1408 a
1365 1366 1431 1408 mo-

321 1458 421 1522 lestiis
449 1462 527 1520 tuto.
572 1456 685 1539 ltaque
713 1455 919 1518 scribendum
943 1459 1003 1518 est:
1037 1455 1075 1518 ‘si
1098 1457 1132 1516 in
1157 1459 1186 1518 te
1210 1461 1305 1536 atque
1328 1455 1360 1515 in
1386 1454 1432 1514 tui

321 1567 419 1649 patris
452 1567 526 1628 sinu
549 1613 555 1626 .
580 1612 586 1624 .
612 1562 783 1646 quaeram'.
829 1561 964 1624 Librarii
998 1563 1081 1625 oculi
1112 1564 1197 1625 inter
1228 1560 1432 1624 scribendum

322 1692 462 1755 sequens
494 1670 561 1735 ‘tui’
592 1672 843 1755 praeripuerunt.
889 1668 969 1732 inde
1001 1670 1116 1732 vitium
1146 1673 1258 1732 natum
1290 1687 1359 1731 esse
1386 1667 1432 1727 vi-

322 1779 422 1842 detur.

410 1878 462 1953 Ad
489 1879 534 1952 M.
567 1879 658 1954 (laea.
686 1878 782 1952 ΙΠ8
812 1911 853 1943 =
875 1901 907 1973 p.
931 1877 974 1951 46
997 1902 1026 1951 v-
1051 1879 1079 1952 9.
1137 1882 1313 1964 Postquam
1338 1881 1433 1944 ’1111111

321 1991 494 2074 imaginem
519 1989 692 2072 descripsit,
714 1989 832 2052 Fronto
855 1989 899 2050 ita
922 1990 1036 2071 pergit:
1061 1989 1165 2052 ‘aliam
1186 1985 1295 2054 εἰκόνα
1310 1989 1433 2050 nullam

323 2098 483 2180 adjiciam,
517 2095 573 2159 sed
606 2097 762 2159 rationem
798 2115 862 2177 qua
891 2099 960 2158 tute
994 2116 1129 2178 quaeras
1161 2096 1333 2160 ostendam.
1388 2095 1434 2157 Et

324 2210 440 2266 amem
463 2208 512 2283 te,
537 2207 573 2265 tu
598 2223 678 2286 quas
703 2197 829 2278 εἰκόνας
850 2204 885 2264 in
909 2203 1043 2266 eandem
1065 2223 1134 2266 rem
1156 2204 1371 2267 demonstrata
1385 2223 1433 2264 ra-

323 2311 409 2372 tione
437 2309 635 2392 quaesiveris
663 2316 694 2373 et
720 2310 899 2391 inveneris,
931 2310 1048 2373 mittito
1073 2311 1166 2392 mihi,
1189 2315 1234 2392 ut,
1267 2309 1434 2373 siluerint

324 2417 422 2479 scitae
446 2421 540 2498 atque
564 2417 749 2497 concinnae,
771 2415 961 2499 gaudeaml.
1010 2416 1115 2479 Verba
1144 2421 1175 2480 et
1197 2417 1311 2480 ‘amem
1334 2415 1375 2478 te’
1401 2417 1435 2476 in

324 2524 476 2586 orationis
508 2521 599 2585 filum
629 2523 776 2586 incidunt
807 2541 998 2604 omnemque
1031 2525 1262 2588 sententiarum
1291 2515 1435 2586 ordinem

323 2628 463 2691 turbant.
513 2628 582 2693 Nec
613 2629 823 2692 Herwerdeni
859 2627 1023 2709 (Mnemos.
1047 2631 1063 2692 l
1089 2652 1118 2714 p.
1144 2632 1219 2712 292)
1254 2632 1436 2713 conjectura

324 2737 377 2798 ‘ita
410 2755 513 2799 amem
543 2734 585 2798 te'
617 2734 820 2798 difficrdtates
853 2736 1031 2798 solvuntur.
1082 2736 1196 2819 Itaque
1229 2737 1437 2818 conjeceram,
1472 2775 1477 2782 ·

325 2843 422 2905 verba
445 2847 516 2926 post
539 2841 716 2925 ‘gaudeam'
740 2843 979 2924 transponenda
1002 2862 1081 2925 esse,
1104 2863 1180 2906 cnm
1202 2843 1288 2907 idem
1306 2844 1372 2905 iam
1396 2842 1436 2905 ab

323 2948 488 3012 Eussnero
523 2948 581 3011 Rh.
615 2947 697 3010 Mus.
728 2946 827 3010 XXV
859 2969 887 3030 p.
920 2949 984 3010 544
1019 2951 1216 3033 propositum
1253 2970 1323 3013 esse
1357 2950 1435 3012 vidi.

323 3055 538 3138 Transpositio
569 3074 607 3118 ea
635 3074 671 3118 re
704 3055 935 3117 verisimillima
957 3055 1001 3136 fit,
1034 3057 1121 3138 quod
1145 3056 1242 3142 verba
1269 3059 1309 3120 ‘et
1332 3076 1437 3120 amem

324 3162 365 3225 te’
390 3184 409 3225 a
431 3163 572 3226 secunda
595 3181 695 3240 manu
718 3160 825 3222 addita
848 3161 933 3224 facili
958 3163 1036 3245 ejus,
1060 3165 1116 3246 qui
1140 3183 1232 3239 eaex
1250 3164 1311 3226 alio
1329 3163 1439 3226 codice

325 3268 503 3353 adscripsit,
526 3287 631 3331 errore
654 3287 720 3330 non
742 3270 814 3350 post
837 3267 1025 3351 ‘gaudeam’,
1058 3271 1112 3334 sed
1143 3274 1215 3354 post
1242 3271 1338 3332 aliam
1361 3289 1438 3331 con-

320 3375 458 3456 junctivi
480 3375 614 3438 formam
639 3374 778 3438 similem
800 3377 877 3459 poni
899 3380 1082 3458 potuerunt.

400 3481 557 3553 ,Similem
579 3482 614 3544 in
638 3482 769 3544 modum
802 3483 944 3545 secunda
976 3502 1093 3546 manus
1124 3485 1280 3546 erravisse
1311 3483 1441 3545 videtur

324 3584 552 3659 1111111111.
575 3584 670 3673 fflass
693 3622 737 3639 =
759 3609 789 3680 p.
814 3585 858 3658 49
881 3609 911 3658 v.
930 3586 978 3675 13,
1002 3590 1059 3652 ubi
1084 3589 1260 3673 discipulus
1285 3590 1440 3672 magistro

325 3696 403 3758 haec
434 3696 556 3759 scribit:
592 3695 722 3758 ‘Verum
755 3694 859 3758 dicere
892 3715 933 3758 ex
966 3701 997 3759 te
1028 3696 1124 3759 disco.
1170 3695 1219 3760 Ea
1249 3715 1299 3759 res
1321 3714 1442 3758 verum

326 3801 430 3864 dicere
445 3822 594 3885 prorsum
611 3802 672 3864 diis
688 3801 937 3883 hominibusque
953 3802 1084 3886 ardua]¹
1120 3802 1217 3866 Recte
1234 3802 1441 3865 Cornelissen

327 3907 480 3972 Mnemos.
501 3909 560 3993 lp.
579 3911 619 3972 93
635 3909 803 3989 intellexit,
826 3908 962 3971 alterum
985 3915 1108 3972 ‘verum
1125 3908 1240 3972 dicere’
1265 3908 1440 3973 delendum

327 4033 404 4077 esse.
452 4015 555 4079 Causa
578 4017 694 4079 erroris
717 4019 810 4098 patet.
856 4013 939 4077 Nam
971 4035 1045 4078 curn
1077 4015 1176 4079 verba
1198 4016 1313 4079 ‘dicere
1343 4034 1385 4078 ex
1410 4017 1443 4076 te

328 4121 414 4184 disco
438 4141 475 4184 ea
497 4143 548 4186 res
572 4121 695 4186 verum'
720 4142 739 4184 a
760 4123 933 4205 posteriore
966 4142 1066 4185 manu
1097 4124 1213 4205 scripta
1237 4140 1306 4184 esse
1329 4119 1444 4182 Nabar

327 4227 399 4293 adn.
427 4229 457 4308 5)
488 4233 630 4312 testetur,
662 4229 805 4311 aprima
836 4247 936 4290 manu
965 4229 1118 4311 scriptum
1142 4228 1203 4291 fuit
1224 4228 1298 4291 hoc:
1335 4224 1444 4300 ‘Quod

328 4355 441 4399 verum
465 4337 570 4401 dicere
585 4335 808 4420 prorsumdiis
824 4333 1073 4419 hominibusque
1096 4335 1217 4398 ardua’.
1264 4333 1444 4415 Corrector,
