3078 4984
852 384 892 444 32

313 577 370 651 ret,
393 573 430 634 ut
453 572 562 634 deesse
586 568 777 654 nequeaffll)
815 570 932 634 Tamen
956 573 1050 653 infra,
1073 571 1129 634 ubi
1152 589 1232 634 usus
1256 571 1324 651 erit,
1347 589 1425 632 non-

314 677 404 740 nulla
428 660 576 762 exempla
599 679 645 739 eis
670 697 752 759 quae
772 680 839 760 jam
862 679 952 760 prius
975 679 1107 740 iuventa
1130 682 1215 756 suut,
1238 677 1360 740 addam.

403 783 466 847 Sed
490 785 651 868 reputanti
673 785 751 846 mihi
773 791 954 867 temporum
977 785 1188 866 iniquitatem,
1218 804 1282 867 qua
1308 783 1425 845 factum

315 894 371 971 est,
394 895 430 952 ut
454 910 471 953 e
498 894 586 952 tanta
609 893 752 953 veterum
783 893 974 975 scriptorum
1003 891 1093 974 eopia
1120 894 1185 952 tam
1214 891 1309 973 pauci
1336 889 1426 952 nobis

316 997 432 1059 servati
456 1002 571 1078 essent,
594 1017 611 1059 e
636 996 753 1078 quibus
781 1002 889 1060 tamen
911 996 1107 1059 Frontonem
1135 1016 1199 1058 non
1229 1015 1332 1079 pauca
1358 1016 1426 1058 mu-

315 1108 440 1165 tuatum
472 1121 541 1166 esse
574 1103 679 1166 adhue
708 1105 928 1187 perspicimus,
959 1103 1096 1166 subnata
1130 1107 1178 1165 est
1205 1121 1243 1165 ea
1271 1103 1427 1185 cogitatio,

317 1228 399 1290 quae
422 1208 529 1271 verbis
552 1209 628 1271 huic
652 1209 868 1273 dissertationi
890 1209 1095 1292 praescriptis
1120 1209 1318 1290 exprimitur.

403 1314 500 1377 Haud
523 1314 699 1378 absurdum
723 1317 808 1378 eninr
832 1315 1009 1397 videbatur,
1023 1315 1202 1398 periculum
1221 1315 1334 1394 facere,
1350 1334 1428 1376 nuru

316 1439 358 1483 ex
380 1421 515 1484 molesta
537 1422 596 1484 hae
617 1422 790 1486 verborum
815 1423 1055 1504 dictionumque
1073 1421 1216 1504 undique
1232 1426 1429 1504 arrepturum

317 1529 465 1610 congerie
501 1530 686 1594 etiamnunc
724 1530 881 1592 nonnulla
914 1525 1129 1612 postauam)
1165 1547 1302 1610 quorum
1336 1546 1429 1611 opera

315 1635 489 1716 perierunt,
511 1633 690 1718 fragmenta
713 1636 872 1718 expiscari
894 1638 1030 1717 possem.

407 1739 478 1814 Qua
504 1742 539 1802 in
562 1761 606 1822 re,
629 1742 656 1806 si
685 1741 812 1824 quidem
841 1741 930 1822 alias,
957 1742 1103 1804 cautione
1132 1760 1212 1823 opus
1240 1744 1295 1802 est.
1342 1738 1429 1821 Mag-

318 1867 397 1909 num
421 1849 505 1909 enim
530 1848 708 1930 perieulum
733 1867 801 1910 csse
825 1867 866 1910 ne
890 1849 1023 1930 quaevis
1046 1847 1145 1910 verba
1175 1848 1243 1909 sive
1267 1846 1338 1909 stilo
1363 1847 1430 1908 sive

317 1953 462 2015 numeris
485 1955 599 2035 poetici
622 1956 747 2037 generis
771 1954 889 2015 similia
917 1973 974 2040 pro
997 1955 1148 2037 genuinis
1171 1951 1317 2016 versibus
1351 1953 1431 2014 acci-

316 2059 453 2140 piamus,
486 2061 574 2122 etin
597 2079 648 2123 me
682 2061 750 2143 ipso
778 2065 809 2123 et
835 2062 870 2122 iu
893 2062 1036 2124 virorum
1070 2061 1236 2124 doctorum
1271 2078 1431 2120 nonnum-

319 2185 416 2247 quam
439 2167 531 2228 vauis
554 2166 786 2230 tentaminibus
810 2173 962 2250 expertus
986 2163 1101 2249 seio.73)
1139 2167 1253 2250 ltaque
1275 2167 1311 2227 in
1335 2183 1432 2247 quae·

318 2343 531 2350 ——-———-.

409 2446 453 2510 71)
472 2449 505 2502 cf.
529 2447 565 2502 Μ,
584 2448 667 2500 Hertz
696 2447 875 2501 Renaissanee
897 2464 924 2503 u.
949 2448 1052 2502 Rococc
1079 2449 1097 2502 i.
1126 2449 1150 2502 d.
1179 2447 1270 2500 Rcern.
1297 2445 1433 2499 Literatur

323 2551 349 2602 p.
368 2534 414 2587 48:
443 2535 519 2589 Viele
545 2537 626 2604 dergl.
646 2536 847 2605 Auspielungen
865 2537 925 2589 sind
944 2537 988 2588 fiir
1005 2552 1056 2588 uns
1074 2535 1164 2609 sicher
1182 2535 1337 2606 verborgen,
1356 2535 1434 2587 nieht

319 2623 424 2692 wenige
451 2625 514 2678 aber
541 2624 629 2678 lasseu
656 2625 715 2677 sich
740 2624 923 2690 nachweisem
952 2625 1078 2678 manehes
1099 2624 1136 2678 ist
1159 2625 1206 2677 aul
1229 2624 1329 2677 diesem
1347 2623 1433 2675 inter-

319 2715 441 2766 essenteu
461 2713 570 2767 Gehiete
591 2714 630 2766 im
647 2713 795 2767 Einzeluen
814 2713 978 2782 geschehen;
1006 2714 1049 2766 die
1068 2729 1151 2782 ganzo
1169 2713 1303 2766 Liberatur
1321 2713 1359 2764 im
1378 2711 1432 2763 Zu-

320 2801 526 2870 sammenhange
551 2802 647 2856 darauf
662 2802 711 2854 hin
731 2819 764 2854 zu
783 2803 990 2856 durchmustem
1008 2802 1064 2854 und
1083 2802 1131 2856 das
1150 2800 1305 2854 Gcfundene
1322 2801 1362 2852 im
1380 2803 1433 2854 Ζιι-

320 2889 526 2958 sammenhauge
545 2908 578 2944 zu
598 2891 765 2944 verarbeiten
783 2891 867 2945 bleibt
883 2891 954 2944 noch
967 2891 1026 2944 eine
1040 2890 1173 2943 daulrbare
1186 2889 1314 2958 Aulgabe,
1334 2905 1356 2944 e.
1370 2904 1395 2956 q.
1410 2903 1434 2941 a.

409 2977 453 3047 72)
473 2979 506 3032 ef.
525 2979 612 3046 ipsius
631 2977 771 3032 Frontonis
799 2981 970 3048 praeceptum
998 2979 1031 3030 de
1054 2977 1201 3031 ludibunde
1224 2977 1271 3030 illc
1296 2976 1434 3030 scribendi

320 3081 429 3133 genere,
461 3067 537 3133 cujus
560 3066 683 3133 exempla
701 3067 777 3119 nobis
799 3074 905 3121 servata
923 3069 987 3120 sunt
1005 3066 1117 3119 ‘Laudes
1136 3066 1203 3118 fumi
1223 3068 1250 3118 et
1267 3064 1388 3133 pulveris
1406 3065 1437 3116 et

319 3152 349 3207 L.
368 3153 566 3222 neglegentiae'.
604 3155 679 3208 Laud
709 3156 773 3208 lum.
802 3173 827 3222 p.
847 3157 899 3210 212
917 3173 943 3210 r.
963 3155 998 3208 10
1021 3153 1112 3224 (Nab.)
1139 3153 1255 3208 Fabulae
1283 3154 1364 3207 deum
1388 3151 1437 3204 vel

319 3241 430 3294 heroum
444 3244 602 3310 tempestive
614 3242 779 3309 inserendae,
798 3243 861 3296 item
876 3259 999 3296 versus
1017 3245 1244 3310 congruentes
1257 3245 1284 3296 et
1296 3241 1438 3310 proverbia

321 3330 497 3384 accomodata’
517 3348 540 3384 e.
560 3347 585 3398 q.
604 3347 625 3386 s
662 3329 714 3384 Sed
741 3348 793 3384 non
822 3332 852 3383 in
878 3332 929 3386 hoc
955 3347 1009 3384 uno
1033 3348 1128 3399 genere
1147 3349 1205 3384 earn
1225 3332 1311 3399 legem
1325 3332 1438 3384 secutus

323 3419 371 3470 est.
408 3418 448 3470 De
467 3418 642 3486 epistularum
661 3418 862 3473 scribendarum
882 3422 937 3474 arte
956 3420 1049 3474 eedem
1067 3419 1111 3472 lex
1129 3420 1266 3474 invenitur
1284 3420 1354 3486 apud
1378 3417 1438 3475 Jul.

321 3505 422 3561 Victor.
446 3507 475 3558 iu
495 3509 558 3560 Arte
581 3507 715 3561 rhetorica
739 3523 796 3576 cap.
814 3507 924 3562 XXVII
951 3507 987 3577 (p.
1006 3507 1058 3561 448
1077 3525 1103 3562 V.
1123 3510 1157 3564 29
1175 3508 1256 3561 Halm
1280 3507 1356 3561 Rhet.
1376 3507 1438 3560 Lat.

321 3594 412 3662 min.):
441 3593 549 3648 ‘Graeco
578 3595 679 3664 aliquid
709 3595 805 3649 addere
829 3595 951 3663 epistulis
974 3611 1057 3656 suave
1075 3599 1123 3668 est,
1143 3597 1166 3650 si
1184 3597 1213 3649 id
1232 3613 1317 3664 neque
1336 3595 1439 3647 intem-

320 3683 424 3750 pestive
442 3699 529 3751 neque
547 3686 639 3738 erebro
658 3685 752 3739 facias:
776 3685 803 3737 et
820 3683 961 3751 proverbio
979 3685 1019 3736 uti
1038 3701 1090 3738 non
1109 3686 1199 3754 ignoto
1218 3683 1439 3754 percommodum

320 3772 369 3839 cst,
387 3773 418 3824 et
436 3772 609 3827 versiculo
629 3776 686 3827 aut
703 3774 797 3841 parte
815 3772 949 3828 versus!

411 3859 455 3929 73)
474 3860 574 3914 Notum
601 3863 641 3916 est
668 3861 776 3916 omuino
805 3861 975 3915 abhorruisse
1003 3861 1127 3930 antiquos
1149 3861 1292 3931 scriptores
1315 3878 1331 3914 a
1355 3876 1440 3927 prosa

321 3949 439 4001 oratione
457 3965 583 4002 versuum
602 3950 720 4018 speciem
738 3950 881 4017 praebente
891 3951 924 4005 cf.
935 3950 989 4003 Cic.
1009 3950 1048 4003 De
1059 3954 1123 4005 orat.
1133 3951 1175 4004 ΠΙ
1186 3952 1228 4019 44,
1239 3952 1298 4005 175.
1317 3947 1440 4018 47,182.

322 4035 393 4091 Orat.
413 4039 455 4104 56,
476 4037 535 4092 189.
573 4038 685 4103 Quintil.
703 4037 745 4090 IX
763 4040 788 4105 4,
808 4039 850 4093 72.
888 4039 957 4092 Nota
980 4041 1068 4092 tamon
1092 4042 1119 4091 et
1140 4039 1247 4093 Facitea
1267 4039 1440 4106 Livianaque

322 4125 445 4193 exempla
463 4127 496 4180 el.
516 4125 670 4195 Nipperdey
690 4126 723 4180 ad
741 4125 800 4179 Fae.
821 4129 889 4181 Anu.
908 4127 929 4194 I,
949 4128 973 4194 1,
998 4129 1024 4180 1.
1060 4127 1148 4181 Etiam
1172 4145 1186 4181 e
1212 4128 1310 4181 nostris
1334 4125 1440 4182 litteris

321 4214 486 4286 exemplum,
505 4232 557 4283 quc
576 4231 724 4282 monemur,
743 4231 776 4266 ne
795 4215 885 4268 onmia
904 4229 1030 4267 versuum
1049 4214 1150 4269 similia
1168 4234 1215 4285 pro
1233 4215 1358 4270 versibus
1370 4231 1440 4268 con·
1528 4211 1529 4268 l

321 4302 390 4356 sulto
413 4303 491 4356 factis
515 4304 696 4371 venditemus,
719 4303 837 4371 proferre
860 4303 960 4370 placet:
988 4303 1128 4372 Lessiugio
1151 4305 1237 4372 enim,
1262 4305 1339 4372 cujus
1356 4319 1443 4372 prosa
