3110 4982
672 421 690 481 5

211 609 312 674 Vides
335 611 422 674 haud
440 613 596 695 exiguum
613 607 690 675 'sane
713 631 888 676 numerum
902 614 1047 676 virorum
1064 613 1240 696 doctorum,

123 717 242 800 quibus
276 717 452 781 dolendum
472 723 539 801 est,
571 719 656 802 quod
690 720 887 783 novissimus
919 719 1021 783 editor
1048 725 1115 783 tam
1137 722 1241 784 multa

122 823 374 907 haudquaquam
397 825 569 908 hucusque
593 827 751 892 exhausta
778 827 916 908 reliquit.
962 825 1078 910 Facile,
1107 828 1163 891 sed
1186 848 1240 891 su-
1337 807 1342 823 ’

122 950 356 1013 pervacaneum
392 936 449 1012 est,
482 933 659 1014 permultis,
694 951 777 1016 quae
807 934 882 1014 jure
910 953 970 996 suo
998 935 1060 997 viri
1093 936 1177 998 docti
1205 937 1240 997 in

123 1039 192 1118 ejus
229 1037 368 1102 editione
402 1039 683 1122 vituperaverunt,
717 1059 802 1103 nova
839 1037 1008 1122 addere.29)
1054 1040 1137 1104 Sane
1170 1042 1241 1124 ejus

122 1145 215 1228 culpa
251 1145 374 1226 accidit,
408 1149 445 1207 ut
476 1163 626 1229 persa-epe
658 1148 786 1210 incertis
821 1146 1041 1210 fundamentis
1069 1146 1239 1212 Frontonis

122 1251 301 1314 emendatio
325 1252 488 1315 niteretur.
535 1251 655 1316 Tamen
677 1254 797 1334 injuria
820 1252 1029 1318 Sohenlrelius
1049 1253 1068 1318 l.
1088 1274 1113 1316 o.
1138 1257 1238 1318 satius

125 1377 193 1420 esse
218 1358 390 1439 contendit,
417 1359 443 1423 si
474 1360 613 1440 omnino,
642 1359 719 1422 dum
746 1360 878 1423 meliore
909 1360 1046 1424 editione
1069 1362 1118 1424 uti
1139 1351 1239 1444 possi-

123 1485 203 1546 mus,
239 1466 327 1527 omni
361 1465 581 1528 emendatione
616 1465 842 1529 abstineamus.
896 1466 1100 1550 Respondere
1135 1469 1239 1551 placet

123 1571 336 1634 Studemnndi
364 1571 469 1634 verbis
497 1572 526 1650 (l.
546 1592 572 1634 o.
588 1594 618 1656 p.
635 1571 783 1656 XXIX):
818 1572 894 1636 ‘Neo
916 1578 1025 1636 tamen
1051 1574 1087 1635 in
1109 1573 1170 1636 hoo
1192 1575 1237 1636 la-

123 1678 197 1742 bore
221 1679 278 1760 (sc.
305 1677 424 1741 codicis
451 1680 564 1742 iterata
590 1680 738 1760 lectione)
766 1667 1036 1762 acquiescendum
1064 1684 1125 1759 est3
1161 1700 1237 1743 nam

123 1804 228 1867 neque
252 1790 357 1848 sertus
385 1789 416 1848 et
443 1789 554 1867 tectus,
581 1789 618 1848 ut
646 1787 744 1868 ajunt,
772 1791 820 1849 est
841 1787 1066 1870 palimpsestns
1090 1791 1122 1849 et
1144 1787 1238 1850 multi

122 1893 192 1970 loci,
227 1912 302 1955 crim
334 1893 369 1954 in
401 1892 508 1956 codice
541 1894 683 1975 graviter
709 1893 850 1976 corrupti
884 1898 1019 1972 exstent,
1054 1894 1238 1974 conjectura

123 2000 217 2062 etiam
242 2019 330 2061 mmo
352 1999 529 2082 indigent.
554 2048 560 2060 .
584 2049 591 2061 .
615 2049 622 2060 .
647 1999 918 2083 Proscripturiant
941 1985 1097 2081 ejusmodi
1121 2000 1238 2082 studia,

125 2107 181 2189 qui
203 2106 417 2170 inertissimae
440 2107 596 2189 segnitiae
619 2107 671 2170 vel
698 2107 826 2170 fastidio
855 2106 983 2169 cuidam
1012 2106 1236 2170 delicatissimo

122 2213 272 2276 cedentes
305 2213 339 2275 id
373 2213 513 2296 experiri
539 2212 664 2295 nolunt,
700 2213 786 2296 quod
814 2233 849 2277 se
880 2218 965 2276 certo
989 2213 1122 2295 adsequi
1144 2233 1237 2297 posse

123 2319 277 2383 diffidant.
332 2319 415 2383 Sane
448 2318 506 2381 ubi
545 2339 611 2382 una
646 2320 842 2382 divinatione
877 2319 982 2382 omnis
1016 2320 1128 2383 salutis
1165 2339 1237 2403 spes

121 2427 313 2508 continetur,
327 2445 448 2510 paucae
460 2427 662 2507 conjecturae
679 2425 828 2503 omnibns
843 2424 1078 2510 probabuntun
1097 2430 1236 2489 attamen

121 2534 298 2596 multorum
335 2532 459 2596 viribus
494 2533 673 2614 conjunctis
707 2533 759 2596 hic
795 2552 924 2615 quoque
958 2531 1048 2596 labor
1081 2533 1237 2615 paulatim

120 2639 304 2704 minuetur.’

121 2853 308 2908 incolumis
332 2852 459 2905 venias.
496 2851 548 2905 Sed
567 2851 590 2904 si
609 2850 673 2920 Maji
693 2850 888 2919 Niebuhriiqne
911 2849 1043 2904 editiones
1064 2851 1236 2921 inspexisset,

121 2943 272 2997 invenisset
295 2942 394 2995 rectam
417 2940 559 2994 lectionem
584 2939 745 2993 ‘forticulum
768 2937 909 3006 invenias,
933 2955 967 2991 ex
990 2955 1043 3006 qua
1073 2940 1143 3008 apud
1168 2939 1236 2996 Nab.

121 3048 194 3086 mero
213 3031 366 3100 typothetae
385 3045 472 3083 errore
491 3029 558 3082 illud
578 3030 725 3082 monstrum
750 3026 984 3081 ‘culuminvenias'
1011 3029 1043 3082 ab
1061 3028 1158 3082 Eberto
1182 3031 1237 3083 tam

122 3121 226 3175 fortiter
243 3120 429 3187 impugnatum
447 3119 548 3171 lactum
566 3120 614 3171 est.
651 3118 673 3171 Ο
693 3117 792 3170 mirum
810 3115 987 3184 philologum!

214 3209 258 3276 29)
277 3207 351 3261 Haeo
369 3211 459 3260 tamen
478 3207 586 3260 addam:
606 3206 646 3260 De
664 3223 724 3274 nep.
744 3204 843 3258 amisso
861 3205 889 3258 ΙΙ
908 3223 933 3272 p.
949 3205 1002 3258 232
1021 3205 1082 3258 adn.
1102 3205 1129 3275 4)
1148 3205 1238 3259 Nabar

126 3297 284 3350 Buttmanni
309 3296 392 3349 verba
414 3296 535 3362 laudans,
563 3295 610 3363 qui
634 3294 743 3348 nonnisi
767 3293 836 3347 filias
859 3295 935 3348 natas
958 3309 1016 3348 esse
1039 3293 1166 3348 Frontoni
1190 3295 1237 3348 ad-

124 3386 235 3452 notavit,
259 3401 287 3438 se
312 3401 365 3438 nun
388 3384 544 3438 meminisse
567 3385 672 3452 latetur,
702 3384 774 3436 unde
804 3383 904 3438 Buttm.
929 3383 958 3436 id
985 3383 1135 3438 resciverit.
1185 3383 1237 3438 Sed

123 3475 318 3544 quinquaginta
343 3473 448 3542 paginis
471 3489 552 3541 supra
576 3473 626 3525 ‘Ad
645 3471 740 3526 Amic!
763 3472 785 3541 Ι,
805 3473 821 3526 5
839 3497 874 3516 =
892 3489 917 3539 p.
939 3473 988 3525 177
1017 3473 1124 3526 disertis
1147 3473 1237 3527 verbis

123 3566 180 3632 ipse
201 3565 300 3616 Fronto
318 3564 444 3616 testatur:
465 3560 637 3630 ‘Cuperemus
657 3603 663 3616 .
683 3601 705 3627 .,
725 3577 755 3614 eo
773 3575 822 3615 nos
840 3561 893 3614 lato
912 3560 1054 3631 praeditos
1069 3563 1107 3628 ut,
1128 3561 1151 3614 si
1169 3556 1238 3614 niihi

122 3653 200 3706 liberi
219 3652 300 3706 etiam
319 3651 409 3705 virilis
428 3667 509 3704 sexus
528 3650 584 3704 nati
603 3650 717 3703 tuissent
737 3692 743 3703 .
762 3690 768 3703 .
793 3690 812 3717 .,
835 3649 884 3702 sub
903 3651 929 3702 te
950 3694 955 3706 .
977 3695 983 3706 .
1003 3691 1009 3704 .
1029 3649 1163 3718 stipendia
1181 3667 1237 3702 me·

123 3741 226 3796 rorent.¹
263 3741 352 3794 Etiam
370 3741 421 3793 hoc
440 3755 504 3792 sane
522 3738 690 3792 incredibilis
716 3737 898 3806 neglegentiae
917 3738 1074 3806 exemplum
1093 3742 1141 3809 est,
1167 3739 1237 3807 quod

123 3831 204 3898 praei.
222 3847 247 3898 p.
267 3828 362 3882 XXIV
380 3847 406 3883 v.
425 3829 460 3882 20
478 3830 505 3882 et
522 3846 547 3896 p.
567 3827 648 3880 XXV
666 3845 692 3881 v.
713 3827 744 3879 ll
769 3826 928 3895 persuadere
945 3826 997 3880 sibi
1021 3828 1115 3896 potuit,
1134 3828 1236 3895 epistu-

122 3920 174 3972 lam
202 3919 244 3972 Ad
262 3917 298 3972 M.
319 3917 393 3972 Caes.
419 3918 476 3986 1,3
501 3917 628 3985 scriptam
652 3915 736 3970 fuisse
760 3916 820 3984 post
843 3932 883 3983 ep.
908 3915 941 3970 ad
965 3914 1001 3969 M.
1021 3915 1095 3970 Caes.
1118 3916 1236 3984 111,17;

124 4024 184 4060 oum
203 4007 263 4060 luce
283 4006 381 4060 clarius
400 4007 443 4074 sit,
460 4006 542 4060 verba
559 4005 602 4058 rtd
621 4004 657 4058 M.
676 4004 750 4061 Caes.
769 4004 818 4072 HI,
840 4005 871 4056 17
892 4003 993 4074 (pus)
1013 4004 1097 4058 ‘Tanti
1116 4007 1157 4058 est
1175 4045 1180 4057 .
1201 4046 1208 4059 .
1231 4045 1236 4058 .

124 4097 149 4148 te
167 4095 241 4150 nullo
260 4111 318 4149 meo
337 4095 440 4164 merito,
464 4095 511 4148 sed
529 4093 584 4148 solo
603 4095 649 4146 tuo
668 4109 731 4161 erga
748 4109 791 4145 me
814 4108 903 4146 amore
928 4093 1050 4160 laudare,
1084 4093 1117 4146 de
1136 4110 1188 4161 quo
1206 4096 1237 4146 tu

125 4183 241 4250 plurima
259 4185 285 4237 et
304 4183 503 4252 elegantissima
521 4183 554 4236 ad
574 4199 616 4236 me
634 4181 755 4250 proxime
774 4181 924 4251 scripsisti',
942 4183 1008 4237 haec
1020 4181 1103 4236 verba
1115 4183 1235 4250 spectare

125 4273 158 4325 ad
175 4272 316 4326 Frontonis
341 4272 484 4341 epistulam
507 4272 549 4324 Ad
567 4271 604 4326 M.
625 4271 698 4325 Caes.
719 4271 740 4338 1,
760 4272 776 4323 3
795 4270 831 4339 (p.
851 4273 867 4326 5
886 4271 944 4341 sq),
963 4271 1010 4324 ubi
1029 4271 1062 4324 de
1080 4287 1112 4324 ea
1130 4269 1189 4338 ipsa
1207 4285 1237 4323 re

125 4360 213 4414 lusins
231 4363 265 4430 et,
284 4362 315 4413 ut
332 4361 406 4430 solet,
419 4360 542 4430 insipide
561 4360 644 4415 verba
661 4359 734 4414 iacit.
