3078 4984
858 407 898 469 10

321 599 399 660 time
423 597 461 658 ad
486 616 557 659 eam
585 617 662 680 rem,
691 618 829 681 quacum
860 599 959 690 altera
990 616 1041 660 res
1075 599 1284 679 comparatur,
1315 596 1428 660 subau-

322 705 428 796 diatur
455 708 510 766 aut
537 705 682 786 ejusdem
710 705 808 787 verbi,
843 705 928 788 quod
960 706 999 767 de
1028 704 1126 766 altera
1158 707 1349 786 usurpatum
1377 707 1429 784 est,

322 815 378 873 aut
401 811 533 893 copulae
556 811 645 874 ‘esse'
669 813 777 896 aliqua
800 808 952 893 formassssp
998 809 1090 873 Adde
1119 810 1206 892 quod
1235 829 1345 873 omnes
1372 811 1430 872 1001

322 915 568 980 aLachmanno
593 920 715 982 collecti
739 940 805 982 non
829 924 938 982 carent
960 918 1117 1001 particula
1141 918 1356 1000 comparativa
1377 915 1428 978 ‘ut’

321 1024 372 1086 rel
406 1025 584 1106 ‘quantum’
620 1026 671 1088 vel
705 1026 822 1109 ‘quam’
859 1031 915 1088 010.
969 1024 1083 1107 Itaque
1118 1035 1226 1088 nostro
1260 1024 1329 1086 loco
1364 1027 1429 1106 post

321 1131 506 1213 ‘dignitatis'
531 1137 562 1195 et
584 1136 657 1196 ante
680 1132 730 1195 ‘lu
748 1132 872 1196 Caesar’
896 1137 1001 1195 totum
1021 1151 1153 1194 versum
1176 1131 1334 1195 excidisse
1356 1136 1429 1214 puto

325 1242 357 1301 01
379 1239 441 1300 tale
466 1239 545 1320 quid
574 1260 592 1301 a
615 1239 777 1304 Frontone
805 1241 957 1323 scriptum
993 1258 1061 1301 esse
1090 1239 1234 1319 conjicio:
1264 1238 1340 1302 ‘Nec
1368 1238 1429 1300 ulla

321 1365 478 1428 umquam
515 1365 612 1409 scena
646 1351 773 1410 tantum
808 1347 921 1410 habuit
955 1346 1127 1426 dignitatis,
1161 1340 1332 1428 [quantum
1354 1346 1430 1408 mihi

320 1448 474 1537 tribuere]
512 1451 567 1514 M.
583 1451 700 1516 Caesar
734 1458 830 1534 actor,
864 1453 954 1516 Titus
989 1457 1063 1538 imp.
1098 1453 1274 1538 spectator’.
1325 1452 1372 1514 Ea
1397 1473 1430 1514 re

320 1576 425 1622 meam
450 1561 638 1623 sententiam
664 1561 888 1624 commendare
915 1582 1056 1644 possum,
1085 1563 1171 1645 quod
1195 1583 1214 1624 a
1237 1559 1343 1623 verbis
1369 1556 1428 1644 [nr.

322 1648 583 1732 Caesarsnovum
600 1668 796 1730 versiculum
812 1669 846 1728 11
863 1667 972 1732 codice
987 1671 1127 1752 incipere
1143 1667 1316 1732 verisimile
1335 1662 1430 1746 01139)

408 1769 460 1844 Ad
481 1769 526 1842 Μ.
553 1769 643 1844 Gaas.
667 1769 726 1860 I,8
750 1801 790 1823 =
813 1795 844 1866 p.
856 1772 895 1844 21
912 1795 942 1844 v.
961 1774 1008 1845 15.
1046 1776 1187 1858 ‘Ubique
1210 1777 1310 1858 igitur
1332 1793 1431 1856 popu-

259 1929 260 1932 .
319 1879 371 1941 lus
406 1880 590 1943 dominatur
624 1886 654 1942 01
687 1882 869 1963 praepollet.
920 1882 1049 1965 Igitur
1084 1887 1121 1946 ut
1152 1882 1270 1966 populo
1305 1884 1432 1964 gratum

321 1987 388 2067 erit,
412 1988 456 2049 ita
479 1987 575 2050 facies
599 1992 694 2069 atque
718 1985 835 2074 dices]¹
881 1989 978 2052 Recte
1002 1989 1148 2073 Schopen
1172 1990 1319 2071 conjecit:
1345 1987 1432 2050 ‘Ubi-

322 2112 384 2174 que
397 2143 422 2156 ..
447 2094 630 2177 praepollet,
651 2093 718 2175 ibi,
741 2099 778 2157 ut
792 2143 797 2155 .
812 2144 818 2157 .
836 2099 963 2178 gratum
987 2098 1056 2179 erit,
1078 2096 1186 2160 facies’
1276 2095 1338 2158 Sed
1362 2113 1432 2176 pro-

318 2201 391 2283 pius
416 2201 455 2262 ad
480 2199 598 2264 codicis
623 2203 814 2284 scripturam
831 2203 1019 2266 accedemus
1036 2203 1203 2267 scribendo
1228 2203 1290 2264 ‘ibi
1314 2210 1354 2264 tu
1379 2200 1431 2263 ut'.

407 2303 460 2377 Ad
481 2303 526 2377 M.
552 2303 642 2378 01101.
666 2303 791 2378 Π3Ξ
806 2329 837 2400 p.
854 2306 905 2392 28,
921 2306 967 2378 18.
999 2309 1056 2372 ‘Ne
1079 2310 1215 2388 valeam,
1237 2311 1300 2372 nisi
1325 2309 1434 2391 aliqua

320 2413 370 2476 die
395 2415 485 2497 virga
511 2416 546 2476 in
570 2435 695 2478 manus·
715 2415 772 2477 tibi
801 2416 957 2478 tradenda
992 2421 1084 2496 0101,
1120 2417 1265 2478 diadema
1299 2417 1433 2479 circum-

319 2521 514 2603 ponendum,
559 2522 700 2585 tribunal
741 2523 940 2605 ponendum:
981 2528 1049 2584 tum
1084 2541 1197 2605 praeco
1233 2524 1337 2586 omnis
1373 2543 1432 2585 nos

320 2628 430 2690 citaret
463 2625 532 2714 sq.].
588 2627 635 2690 De
670 2628 767 2691 rebus
801 2629 919 2692 futuris
955 2630 1030 2692 dicit
1062 2628 1103 2690 M.
1133 2627 1256 2711 Caesar,
1293 2649 1358 2691 non
1395 2629 1433 2692 de

319 2735 505 2814 praeteritis.
551 2735 665 2817 Itaque
689 2755 766 2798 corr.
791 2736 953 2799 ‘tradenda
977 2735 1069 2798 erit’.

407 2835 459 2909 Ad
473 2835 518 2910 M.
537 2837 627 2912 Gaea.
643 2837 713 2912 116
733 2871 774 2890 ==
789 2863 819 2933 p.
835 2839 873 2912 31
891 2841 980 2912 111,
1020 2841 1061 2904 Μ.
1081 2841 1198 2906 Cacsar
1215 2778 1255 2905 de
1274 2845 1434 2906 encomio-

320 3001 532 3008 -—..--—--.-....-

409 3104 454 3173 38)
474 3106 506 3159 cf.
525 3123 547 3160 0.
568 3124 591 3174 g.
611 3107 775 3161 Varroni:
795 3107 822 3176 Π
840 3109 865 3176 4,
885 3110 901 3162 2
921 3107 999 3160 ‘uixit
1017 3106 1139 3160 celeriter
1157 3123 1185 3160 se
1209 3107 1277 3175 11100,
1297 3110 1327 3159 ut
1345 3109 1435 3162 scrofa

324 3209 417 3260 porcos
445 3195 492 3262 (sc.
516 3194 625 3263 disjicit)
650 3195 839 3263 disjeclurum’.
877 3197 956 3250 Lucr.
980 3197 1092 3250 111130
1121 3196 1254 3263 ‘quoniam
1283 3199 1322 3249 est
1350 3197 1437 3250 animi

320 3284 417 3334 natura
434 3285 538 3350 reperta
556 3285 644 3352 Atque
665 3284 768 3338 animae
788 3285 865 3352 quasi
884 3301 945 3351 pars
963 3285 1080 3338 hominis
1100 3284 1148 3354 (sc.
1168 3285 1220 3354 sit).

411 3369 456 3439 39)
474 3371 550 3423 Licet
567 3373 624 3440 ipse
644 3375 792 3441 computes:
811 3374 852 3426 Ita
871 3373 1017 3426 secundum
1036 3375 1170 3427 Naberum
1191 3375 1217 3426 01
1235 3372 1353 3428 Student.
1372 3373 1390 3426 1.
1413 3390 1437 3428 c.

321 3474 346 3524 p.
365 3457 404 3510 VI
424 3458 483 3512 adn.
503 3460 530 3525 2)
551 3478 575 3528 p.
595 3462 633 3513 IV
653 3463 712 3516 adn.
732 3461 1012 3530 1010111010,
1033 3462 1059 3531 1)
1083 3463 1170 3529 prima
1193 3478 1288 3514 manus
1312 3461 1437 3529 scripsit:

322 3545 664 3603 ιΜ,000101·110101·Τ11110
692 3551 835 3618 imperator
862 3551 926 3618 quid
947 3551 1062 3618 amplius
1090 3551 1243 3640 contipgero
1273 3553 1349 3618 potes
1380 3551 1439 3603 nisi

321 3649 405 3685 unum
426 3636 495 3701 quod
514 3637 543 3688 in
562 3639 635 3692 caelo
653 3640 711 3692 fieri
729 3643 805 3706 poete
824 3641 913 3691 ferunt
931 3656 983 3706 quo
996 3639 1063 3692 Jove
1082 3639 1206 3692 audiente
1219 3639 1311 3692 Musae
1325 3641 1440 3692 cantant

323 3763 329 3775 .
350 3764 355 3775 .
375 3713 446 3774 euim
466 3739 529 3778 vero
549 3729 620 3796 quib.
640 3745 687 3796 ego
706 3727 833 3796 gaudium
852 3745 941 3780 nreum
960 3728 1050 3781 verbis
1069 3728 1220 3794 exprimere
1233 3729 1341 3796 possim⁷
1362 3729 1440 3796 quod

322 3814 466 3868 orationem
494 3816 574 3872 istam
601 3834 687 3870 meam
715 3819 762 3870 tua
788 3834 871 3870 manu
893 3818 1055 3885 descriptam
1080 3819 1179 3871 misisti
1199 3817 1266 3869 mihi
1286 3860 1291 3872 .
1313 3860 1318 3871 .
1339 3834 1440 3870 vorum

321 3905 379 3960 est’.
416 3907 483 3960 Sunt
502 3909 553 3962 223
572 3906 692 3974 singulae
711 3906 825 3966 litterae.
861 3907 952 3959 Naber·
968 3909 1049 3974 praef.
1069 3925 1095 3976 p.
1108 3907 1150 3960 XI
1164 3907 1193 3959 11
1212 3905 1325 3973 singulis
1350 3906 1440 3959 versi-

322 3997 372 4048 bus
394 3996 542 4050 litterarum
567 4011 709 4048 numerum
728 3990 787 4048 'raro
812 3993 882 4047 infra
907 3995 1060 4062 quindecim
1080 3996 1124 4049 vel
1149 4012 1230 4063 supra
1254 3994 1352 4062 viginti
1375 4010 1441 4048 esse

322 4087 440 4138 testatur.
477 4086 538 4139 Jam
562 4086 586 4138 si
609 4101 700 4139 eorum
723 4099 858 4150 versuum,
882 4099 948 4151 quos
967 4085 1085 4142 Studom.
1105 4085 1256 4140 accuratius
1282 4082 1441 4152 descripsit,

321 4175 471 4228 litterarum
498 4191 640 4228 numerum
663 4188 808 4240 comparas,
833 4173 938 4225 medius
956 4189 1083 4228 numerus
1102 4175 1172 4227 inter
1190 4172 1381 4241 septemdecim
1412 4175 1443 4224 01

323 4263 507 4331 duodeviginti
524 4263 629 4317 litteras
648 4262 715 4315 situs
734 4263 782 4328 est,
796 4261 841 4314 sed
857 4261 939 4327 priori
958 4279 1068 4316 numero
1087 4262 1194 4330 propior
1212 4263 1261 4314 est.
1296 4261 1393 4328 Itaque
1415 4261 1443 4313 si

321 4353 372 4406 hoc
390 4369 501 4407 numero
520 4352 667 4408 dividimus
685 4366 826 4404 numerum
845 4350 906 4418 223,
924 4351 1028 4406 evadit:
1048 4352 1099 4407 223
1118 4367 1151 4402 :
1170 4351 1223 4420 (17.
1244 4348 1286 4419 13)
1307 4349 1339 4418 -l-
1359 4351 1386 4406 2.
