3110 4982
637 422 679 484 43

100 609 209 671 evadit
244 628 367 674 sensus.
414 609 491 672 Illas
524 609 639 674 herbas
674 612 760 674 enim
795 611 823 673 si
855 611 894 673 de
928 611 1071 678 ciborum
1107 612 1216 674 condi-

99 719 218 780 mentis
241 719 488 799 interpretamur
512 752 552 760 -
577 735 684 799 neque
707 718 799 780 video
824 717 983 799 quomodo
1007 719 1098 781 aliter
1123 719 1217 781 intel-

17 893 18 910 ,
100 825 162 906 legi
185 825 311 907 possint
334 859 374 867 -
400 841 465 886 non
490 794 717 910 dubitabimf's,
746 824 827 906 quin
850 843 867 886 e
891 825 1056 887 comoedia
1083 826 1218 908 antiqua

99 935 246 994 nostrum
270 931 376 992 locum
400 931 536 1012 petitum
560 949 630 993 esse
654 929 854 993 arbitremur.
901 929 1029 993 Gomioa
1052 933 1102 994 vis
1121 933 1217 994 etiam

17 1059 18 1068 ¹
98 1038 132 1098 in
160 1035 457 1116 verbo‘rumineri'
482 1038 640 1099 contineri
664 1036 801 1100 videtur.
847 1036 960 1120 ltaque
983 1038 1028 1100 ita
1049 1036 1218 1101 scribenda

17 1157 18 1208 1
99 1147 179 1206 sunt
201 1142 314 1206 verba:

167 1239 173 1254 Ι

156 1261 272 1323 Atticis
295 1259 442 1339 thymum
466 1258 684 1340 propinquum
710 1259 949 1341 serpyllumque
972 1259 1168 1340 hymettium

156 1365 409 1429 Rumioantibtts
433 1365 512 1426 viris
533 1395 550 1414 υ
574 1380 602 1417 ,ι
626 1398 643 1416 υ
666 1411 699 1418 -
720 1398 737 1416 υ
762 1381 789 1418 -r
814 1399 831 1418 υ
853 1410 886 1418 -

190 1491 259 1553 lam
296 1489 382 1552 idem
424 1490 474 1550 vir
518 1488 641 1569 doctus
689 1490 775 1572 quod
811 1485 872 1560 ‘Ad
901 1483 976 1559 Ver.
1016 1485 1092 1582 imp.
1128 1485 1219 1576 Π,1

100 1627 143 1647 =
177 1618 209 1689 p,
231 1593 301 1683 128,
328 1592 372 1665 24
401 1597 435 1657 in
463 1594 571 1658 verbis
605 1615 621 1658 e
661 1597 871 1679 descriptione
908 1597 1068 1659 exercitus
1096 1595 1220 1676 Syriaci

102 1704 296 1786 desumptis:

189 1827 280 1890 ‘Alea
311 1828 344 1888 in
374 1827 485 1888 castris
508 1826 669 1908 frequens,
692 1846 825 1890 somnus
848 1846 981 1911 pernox,
1005 1829 1116 1889 autin
1140 1829 1216 1890 vino

102 1934 221 2016 vigilia’
246 1926 359 1996 vers'us
382 1937 505 2015 partem
528 1933 637 1996 talem:

329 2041 462 2102 somnus
485 2059 608 2128 pernox
632 2043 688 2102 aut
710 2042 745 2102 in
768 2043 843 2103 vino
867 2041 978 2123 vigilia

102 2135 349 2227 deprehendisse
378 2145 438 2208 sibi
466 2146 556 2209 visus
583 2151 644 2225 est,
675 2147 776 2210 multo
806 2146 962 2210 audacius
987 2167 1083 2229 quam
1108 2150 1218 2211 verisi-

101 2251 210 2314 milius
234 2252 306 2334 egit.
353 2251 467 2334 Neque
491 2253 578 2314 enim
605 2272 721 2315 vocum
741 2252 835 2315 ‘vino'
853 2257 884 2316 et
898 2252 1027 2336 ‘vigilia'
1044 2254 1218 2317 admodum

103 2355 231 2420 infirma
254 2358 435 2421 allitteratio
458 2364 547 2421 tanta
570 2360 603 2420 vi
626 2363 682 2440 est,
706 2365 742 2421 ut
760 2361 827 2442 jam
852 2361 909 2422 uui
929 2360 1070 2442 poeticae
1087 2361 1219 2423 dictioni

104 2463 313 2526 adscribenda
340 2467 382 2528 sit
412 2463 466 2547 (cf.
496 2469 661 2548 praeterea
689 2485 785 2549 supra
812 2467 917 2549 pagio.
943 2466 1007 2546 36),
1033 2470 1063 2529 61
1089 2467 1126 2547 si,
1148 2466 1219 2529 ubi-

104 2589 242 2652 cumque
276 2591 379 2653 pauca
412 2571 512 2634 verba
548 2570 776 2654 subsequentia
805 2571 946 2655 jambico
981 2572 1034 2635 vel
1061 2572 1219 2635 trochaico

103 2676 230 2755 rythmo
249 2683 414 2760 reguntur,
437 2697 549 2742 versus
570 2676 816 2762 suspicabimur,
833 2697 946 2741 vereor
965 2697 1007 2741 ne
1021 2684 1083 2740 tam
1104 2679 1218 2761 ingens

104 2801 258 2846 versuum
281 2785 372 2867 copia
395 2804 436 2848 ex
459 2785 510 2847 his
534 2784 679 2866 epistulis
695 2785 853 2847 erstitura
869 2786 919 2862 sit,
937 2789 974 2848 ut
991 2785 1218 2866 nosmetipsos

104 2896 286 2952 nostrorum
310 2891 517 2955 inventorum
540 2886 717 2974 1661166182)

191 2994 300 3058 Nihilo
316 2999 432 3060 certius
446 3002 503 3077 est,
520 2977 604 3078 quod
617 2995 760 3059 Ribbeck
774 2995 859 3058 Com.
871 2995 961 3059 Rom.
974 2997 1066 3080 frgm.
1080 2994 1094 3040 2
1108 3018 1138 3079 p.
1155 2991 1217 3058 117

102 3101 168 3163 Ino.
191 3103 253 3164 inc.
276 3101 339 3165 fab.
364 3123 391 3165 v.
417 3105 457 3165 27
481 3103 621 3185 protulit.
667 3101 809 3183 Oony'ecit
841 3105 941 3185 enim,
972 3104 1007 3165 in
1031 3102 1138 3166 verbis
1167 3097 1219 3172 Ad
1321 3181 1323 3186 ,

192 3374 238 3444 82)
257 3375 349 3430 Placet
375 3393 390 3429 e
417 3376 510 3429 multis
528 3374 656 3430 nonnulla
680 3374 803 3443 exempla
834 3376 965 3443 proferre,
997 3391 1065 3444 quae
1094 3392 1108 3428 e
1133 3375 1219 3443 poetis

105 3466 210 3532 sumpta
236 3479 294 3517 esse
320 3465 527 3533 haudquaquam
550 3467 624 3518 tanta
647 3464 760 3518 audacia
782 3480 856 3533 sum,
888 3467 918 3516 ut
943 3464 1012 3516 mihi
1030 3465 1218 3532 persuadeam:

105 3569 129 3618 p.
151 3553 202 3606 162
221 3569 245 3607 v.
265 3556 281 3607 1
300 3552 406 3607 Polluta
424 3556 450 3606 et
469 3552 649 3619 contaminata
667 3553 694 3605 et
711 3551 787 3605 varia
806 3555 833 3604 et
851 3551 994 3606 maculosa.
1032 3552 1122 3620 195,8
1141 3550 1219 3606 Remi

105 3640 212 3694 fecundi
240 3645 267 3694 et
292 3641 415 3710 frugiferi
443 3640 517 3696 bacis
544 3641 682 3709 pomisque
712 3638 809 3696 onusti.
854 3657 880 3708 p.
900 3641 959 3700 197,
980 3641 1014 3694 10
1042 3639 1108 3706 Quis
1135 3638 1219 3709 segeti

105 3730 220 3783 torridae
245 3745 370 3790 messam,
382 3730 579 3799 procrastinat?
616 3729 729 3796 215,13
755 3727 817 3797 ager
840 3728 978 3798 neglectus
1003 3727 1106 3782 frictus
1124 3728 1219 3782 uberes

106 3815 193 3873 ferret.
231 3817 326 3886 220‚3
354 3819 459 3873 Harioli
487 3821 576 3873 autem
598 3815 695 3872 laetam
714 3820 741 3870 et
758 3817 886 3885 pinguem
905 3817 1037 3873 fortunam
1057 3814 1218 3885 portendier.

107 3907 165 3972 223,
194 3907 209 3959 7
237 3905 359 3961 novellae
387 3908 452 3976 quid
481 3905 602 3963 cantetur
629 3905 733 3960 vineae.
786 3906 845 3974 228,
874 3905 1001 3960 21011616
1029 3908 1116 3960 motus
1145 3902 1219 3957 venti

107 3997 202 4048 cuneta
220 3993 341 4048 funditus
359 3994 541 4064 percellerent.
578 3996 620 4064 19,
641 3998 673 4050 11
700 4011 780 4063 quom
798 3994 865 4048 Jove
884 3998 958 4064 patre
983 3992 1107 4050 audiente
1126 3993 1219 4047 Musae

106 4083 221 4138 cantant.
277 4083 318 4151 79,
345 4085 361 4138 6
391 4083 560 4153 Peramplam
591 4081 755 4138 anxietatem
784 4086 811 4137 et
846 4101 979 4138 summam
1016 4079 1219 4151 aegritudinem.

107 4173 149 4237 94,
160 4171 194 4226 20
213 4171 282 4226 bona
300 4171 372 4226 salus
391 4174 476 4228 bonus
494 4173 581 4228 tonus
594 4174 663 4228 bona
675 4170 788 4240 fortuna,
807 4189 850 4226 res
863 4170 949 4226 omnis
962 4173 1036 4225 bona.
1057 4188 1082 4238 p.
1093 4171 1153 4239 229,
1169 4172 1218 4228 111

107 4261 146 4312 De
177 4260 245 4314 caeli
275 4277 382 4314 nemore
413 4263 540 4317 advectae
571 4262 582 4332 (
584 4279 951 4302 --------
955 4262 974 4330 ).
1011 4277 1037 4330 p.
1057 4259 1106 4314 167
1131 4277 1157 4317 v.
1177 4259 1218 4317 25.

109 4349 175 4404 Cum
194 4349 262 4402 bene
279 4354 432 4419 perspectas
450 4352 571 4412 habeam.
