3078 4984
870 397 913 461 48

334 603 393 650 neo
425 585 506 666 odio,
541 585 597 650 sed
630 587 789 670 imperitia
820 588 1005 651 nutricandi
1038 587 1198 673 optarunt'
1233 628 1276 638 -
1311 592 1339 655 si
1370 593 1446 656 haec

333 695 456 778 legeris,
485 712 593 756 nonne
616 713 744 780 mecum
766 694 933 758 miraberis
957 696 1133 759 orationem
1157 698 1263 762 subito
1292 704 1358 764 tam
1386 700 1445 762 alte

334 801 447 864 elatam
473 821 500 862 v.
527 801 568 862 14
592 820 637 882 sq.
661 804 793 883 tamque
826 803 948 884 poetico
984 803 1088 866 colore
1123 807 1288 868 ornatam?
1334 806 1447 889 Itaque

333 907 468 970 fortasse
493 907 647 988 suspicari
670 927 851 989 possumus,
875 911 968 972 etiam
994 910 1023 971 h.
1047 910 1066 971 l.
1089 908 1189 973 latere
1212 931 1340 976 versus:
1529 911 1530 928 *

444 1079 448 1086 ,
492 1047 509 1065 υ
534 1029 561 1067 -‘
582 1011 657 1078 dedis
681 1033 816 1097 superos
838 1014 1023 1098 inferosque
1047 1035 1105 1100 ago
1130 1019 1161 1080 et
1183 1016 1281 1082 fidem

489 1123 638 1184 arcanam
661 1121 822 1201 humanae
846 1123 1004 1185 amicitiae
1028 1125 1126 1186 testor
1151 1122 1262 1207 [mihil

422 1227 459 1290 of.
483 1227 586 1290 Plaut.
609 1226 692 1290 Rud.
716 1227 756 1309 V,
780 1229 851 1310 2,51
877 1233 989 1292 testem
1013 1234 1044 1292 te
1067 1235 1167 1293 testor
1189 1231 1275 1292 mihi.

421 1351 551 1415 Eisdem
585 1351 765 1415 rationibus
801 1358 978 1416 commotus
1013 1373 1145 1418 versum
1184 1356 1278 1418 etiarn
1319 1374 1358 1417 ex
1397 1356 1447 1418 his
1529 1409 1530 1418 ,

334 1459 582 1522 enucleaverim:
601 1459 661 1521 Ad.
678 1457 719 1520 M.
735 1460 810 1521 Ant.
852 1457 901 1521 De
918 1460 1021 1542 eloqu.
1040 1460 1090 1524 ΠΙ
1104 1492 1146 1512 =
1161 1467 1190 1544 p.
1209 1461 1272 1523 149
1288 1481 1317 1523 v.
1336 1461 1376 1523 18
1395 1481 1445 1544 sq:
1529 1457 1530 1462 ’

334 1564 478 1628 Ennium
502 1565 616 1628 deinde
641 1572 671 1628 et
694 1566 830 1628 Accium
856 1569 886 1628 et
904 1563 1091 1630 Lucretium
1114 1567 1266 1650 ampliore
1286 1568 1354 1649 jam
1376 1589 1448 1630 mu·
1529 1571 1530 1642 J

332 1673 402 1754 gitu
425 1673 625 1755 personantis
649 1677 757 1734 tamen
780 1672 924 1734 tolerant.
960 1672 1015 1735 'At
1034 1673 1091 1736 ubi
1108 1672 1236 1736 Catonis
1258 1678 1290 1736 et
1305 1673 1448 1738 Saliustii

333 1783 364 1842 et
385 1778 471 1841 Tulli
493 1778 571 1842 tuba
594 1779 745 1842 exaudita
774 1783 830 1860 est,
863 1779 1024 1860 trepidant
1058 1784 1089 1842 et
1120 1784 1239 1862 pavent
1274 1790 1305 1844 et
1337 1782 1448 1866 fugam

332 1886 452 1949 frustra
467 1882 692 1967 medidanturl.
732 1884 840 1947 Verba
855 1884 1195 1949 ‘tuba-meditantur'
1212 1887 1365 1970 tragicam
1382 1867 1447 1950 vim

334 1993 457 2075 spirant
480 1998 511 2054 et
533 1993 675 2054 manime
697 1990 779 2053 illud
807 1991 926 2074 ‘fugam
960 1992 1079 2055 frustra
1112 1993 1327 2075 meditantur',
1362 1995 1449 2077 quod

334 2101 430 2162 etiam
454 2099 677 2161 allitteratione
702 2098 955 2179 commendatur,
983 2098 1155 2162 admodum
1178 2102 1302 2183 poetico
1326 2100 1449 2163 dictum

333 2211 389 2269 est.
434 2206 549 2289 Itaque
571 2205 706 2269 fortasse
730 2223 844 2267 versus
875 2205 961 2286 latet,
996 2206 1067 2285 sine
1099 2205 1196 2269 dubio
1233 2227 1250 2270 e
1285 2207 1450 2290 tragoedia

333 2312 538 2395 desumptus:
1016 2385 1017 2390 γ

501 2417 1076 2481 o-'o-o-o-v-ubi
1187 2467 1189 2474 ,

492 2526 571 2589 tuba
594 2527 776 2589 exauditast
799 2524 960 2608 trepidant
982 2529 1013 2587 et
1035 2527 1163 2606 pavent,
1186 2525 1296 2608 fugam

492 2632 610 2696 frustra
632 2631 848 2695 meditantur'.

493 2740 555 2822 (vel
576 2739 696 2822 ‘fugam
717 2738 720 2822 l
741 2738 860 2801 frustra
882 2737 1093 2816 meditantes).

419 2863 495 2926 Jam
518 2864 710 2926 accessimus
735 2863 775 2925 ad
799 2881 868 2925 eam
891 2881 968 2943 rem,
993 2881 1090 2945 quam
1114 2862 1212 2924 totius
1227 2860 1326 2945 hujus
1349 2882 1450 2945 quae-

334 2972 447 3034 stionis
471 2955 823 3052 caput'cumulumquc
847 2987 917 3032 esso
940 2967 1085 3030 arbitror.
1131 2966 1171 3029 In
1203 2967 1339 3050 epistula
1362 2970 1450 3031 enim

332 3072 384 3147 Ad
398 3072 444 3147 Μ,
462 3072 554 3147 (taes.
570 3071 623 3146 ΠΙ
638 3073 676 3146 13
695 3099 735 3133 .-.
753 3094 785 3166 p,
803 3072 841 3144 51
855 3094 887 3143 v.
904 3071 924 3145 5
939 3079 1111 3157 postquam
1127 3073 1302 3156 descripsit,
1326 3080 1450 3157 quanto

332 3184 449 3267 gaudio
486 3183 618 3246 affectus
654 3183 695 3246 sit
728 3182 896 3245 cotidianis
934 3179 1078 3244 Caesaris
1118 3182 1266 3261 quamvis
1302 3183 1451 3264 occupati

332 3290 459 3371 litteris,
489 3291 535 3352 ita
565 3291 682 3372 pergit:
729 3287 826 3362 ‘Quas
857 3306 915 3370 ego
950 3287 1105 3370 epistulas
1141 3305 1237 3369 quom
1271 3287 1450 3370 acciperem

333 3397 436 3459 simile
459 3395 602 3478 patiebar
618 3395 704 3478 quod
728 3399 850 3457 amator
872 3395 1002 3477 patitur,
1027 3393 1084 3476 qui
1101 3393 1229 3455 delicias
1249 3391 1325 3456 suas
1341 3394 1450 3457 videat

333 3521 461 3566 currere
494 3503 533 3565 ad
568 3520 601 3564 se
633 3519 690 3582 per
713 3503 775 3563 iter
799 3519 947 3583 asperum
972 3504 1003 3562 et
1024 3498 1252 3582 periculosum.
1298 3500 1450 3584 Namque

332 3609 360 3670 is
392 3607 489 3670 simul
526 3608 751 3670 advenientem
784 3607 918 3690 gaudet,
954 3604 1052 3669 simul
1087 3607 1268 3687 periculum
1307 3614 1450 3670 veretur.

337 3713 429 3776 Unde
453 3714 598 3796 displicet
620 3713 700 3776 mihi
719 3713 829 3775 fabula
847 3712 1058 3776 histrionibus
1082 3711 1248 3794 celebrata,
1263 3711 1319 3775 ubi
1335 3733 1451 3775 amans

333 3827 494 3883 amantem
524 3821 632 3902 puella
658 3822 812 3902 juvenem
846 3825 939 3883 nocte
972 3820 1094 3882 lumine
1127 3838 1260 3883 accenso
1292 3824 1381 3883 stans
1414 3822 1452 3882 in
1529 3797 1530 3810 ἵ

332 3928 414 3990 turri
437 3932 568 3990 nantem
591 3927 627 3989 in
649 3927 731 3988 mari
755 3927 923 4009 opperitur.
970 3925 1055 3988 Nam
1079 3945 1137 4010 ego
1169 3928 1275 4009 potius
1299 3930 1330 3990 te
1354 3945 1451 3990 caru-

333 4052 400 4114 ero,
434 4034 559 4096 tametsi
594 4051 701 4096 amore
734 4037 789 4096 tuo
824 4033 933 4114 arde0,
966 4032 1072 4114 potius
1108 4051 1205 4115 quam
1241 4039 1273 4096 te
1308 4033 1347 4095 ad
1382 4034 1452 4114 (ted

236 4167 244 4182 ·
333 4138 364 4201 d.
383 4138 414 4201 F.
427 4138 477 4202 W.
494 4138 642 4220 Mueller)
659 4140 719 4202 hoc
734 4140 838 4202 noctis
854 4143 965 4201 natare
981 4141 1108 4202 tanturn
1123 4139 1276 4222 profundi
1291 4135 1451 4222 patrarat)

332 4265 542 4272 .---...-

421 4332 467 4402 86)
486 4332 528 4387 Ita
546 4335 617 4386 recte
636 4331 761 4386 distinxit
780 4331 900 4385 Ribbeck
918 4331 999 4399 praef.
1019 4333 1085 4399 trag.
1104 4332 1182 4400 frgm.
1201 4332 1212 4369 ²
1230 4349 1254 4400 p.
1274 4332 1360 4388 LXX.
