3078 4984
667 396 683 456 7

119 600 216 662 quam
234 583 515 646 vaticinationibus
531 583 678 664 Sibyllae.
715 583 851 648 Videtur
876 584 1008 648 verbum
1032 587 1232 668 antiquioris,

118 691 189 769 post
220 688 370 750 cotidiani
402 692 558 753 sermonis
592 693 754 774 proprium
787 680 896 754 fuisse.
942 692 979 754 cf.
1008 691 1113 754 Plaut.
1137 692 1229 755 Asin.

117 793 167 854 III
192 796 220 874 3,
246 795 285 856 37
321 800 351 857 et
383 796 464 876 Va,
489 799 517 858 4.
563 796 655 861 Lucr.
690 795 1229 881 1ss870.·a‘ep.1)at.3.;‚cic.

118 901 155 962 ad
180 901 275 963 Attio.
300 900 347 963 VI
372 905 399 964 2.
445 903 804 986 Hor.cpp.115,25.
969 967 970 972 ,

204 1003 257 1077 Ad
278 1002 324 1075 Μ.
342 1003 433 1079 (laea.
456 1005 512 1078 14
534 1040 575 1058 =
598 1030 628 1101 p.
649 995 669 1080 9
691 1031 721 1080 v.
737 1007 785 1080 17.
832 1009 875 1074 Μ.
900 1011 1055 1074 Aurelius
1080 1031 1229 1075 somnum

118 1119 329 1177 accusaturus
362 1121 588 1196 argumentum
617 1119 717 1181 sumit
739 1117 778 1180 de
801 1117 934 1180 Homeri
958 1117 1115 1198 Odyssea:
1147 1117 1229 1181 ‘Nou

118 1222 204 1282 enim
227 1221 281 1283 ille
299 1219 355 1304 (so.
372 1216 501 1306 Ulixes)
524 1224 664 1307 profecto
689 1219 827 1309 εἰκοστῷ
852 1224 980 1286 demum
1004 1220 1070 1288 ἔτει
1088 1227 1231 1288 venisset

118 1323 165 1402 εἰς
194 1323 341 1412 πατρίδα
369 1331 474 1412 γαῖαν,
504 1349 609 1412 neque
641 1331 674 1391 in
699 1331 759 1392 isto
783 1330 856 1393 lacu
888 1331 1012 1394 tamdiu
1044 1330 1230 1414 aberrasset,

115 1452 221 1515 neque
246 1435 307 1496 alia
331 1437 437 1498 omnia
468 1457 549 1519 quae
571 1429 760 1500 'Odi-oociaa
787 1437 910 1500 faciunt
938 1456 1107 1520 perpessus
1138 1443 1229 1521 esset,

115 1541 177 1602 nisi
213 1535 323 1624 γλυκὺς
356 1535 457 1619 {taarog
491 1539 636 1632 ἐπήλυθε
670 1545 851 1632 κεκμηῶτα.
914 1543 1152 1627 Quamquam
1190 1545 1230 1632 τῇ

116 1645 235 1736 δεκάτῃ
261 1641 306 1735 [11)
332 1640 404 1736 ἤδη]
429 1641 622 1738 ἀνεφαίνετο
646 1647 767 1735 πατρὶς
790 1640 919 1736 ἄρουρα.
965 1650 1025 1714 Sed
1052 1651 1130 1733 quid
1146 1671 1229 1714 sem-

117 1776 180 1818 nus
203 1755 300 1819 fecit?
324 1775 349 1819 9.
375 1777 403 1838 q.
428 1753 475 1843 sl.
525 1755 747 1840 ‘Quamquam’
772 1762 844 1839 apte
867 1778 940 1820 cum
965 1758 1229 1841 praecedentibus

115 1868 315 1946 congrueret,
339 1865 365 1926 si
388 1882 451 1926 non
478 1864 518 1925 ad
541 1865 724 1946 proximum
748 1863 883 1926 rcrbum
907 1859 1081 1952 ‘arrdlraede’,
1110 1865 1166 1928 sed
1190 1865 1228 1928 ad

114 1970 338 2053 praecedentia
360 1969 557 2034 ‘oberrasset’
582 1976 613 2032 et
635 1971 812 2053 ‘perpessus
841 1973 932 2035 esset*
964 1971 1077 2034 referri
1104 1977 1227 2054 posset,

113 2077 298 2159 quodcum
327 2079 552 2160 grammaticae
575 2079 713 2140 rationes
741 2097 807 2139 non
835 2078 1012 2160 admittant,
1038 2080 1114 2159 jam,
1138 2080 1164 2140 si
1188 2079 1228 2140 ad

112 2180 279 2272 ‘inritatio'
304 2189 445 2267 spectare
467 2189 628 2267 putamur,
652 2185 758 2246 aradii
782 2204 894 2248 sensus
918 2205 984 2248 non
1008 2185 1112 2247 dicam
1134 2185 1228 2267 plane

110 2292 249 2372 ineptus,
277 2292 333 2354 sed
357 2291 396 2353 aab
420 2291 560 2354 Homero
595 2291 819 2355 alienissimus.
867 2291 949 2354 Turn
979 2292 1065 2354 enirn
1094 2293 1228 2354 miratur

112 2395 156 2458 M.
191 2397 353 2478 Aurelius,
388 2398 516 2460 Ulixem
553 2417 665 2460 somno
699 2403 825 2480 captum
865 2417 943 2479 esse,
978 2400 1124 2480 quamvis
1162 2402 1227 2461 tarn

109 2523 208 2587 prope
236 2525 255 2565 a
281 2506 383 2587 patria
410 2504 543 2586 abesset,
571 2511 607 2567 ut
635 2525 709 2568 eum
737 2524 812 2588 prae
844 2506 963 2568 laetitia
992 2505 1129 2568 dormire
1161 2525 1226 2567 non

109 2630 204 2693 posse
233 2616 443 2694 exspectares.
490 2611 560 2686 Qua
586 2614 621 2674 in
648 2631 683 2675 re
712 2617 907 2695 quantopere
939 2632 1005 2674 non
1032 2613 1227 2676 intellexerit

109 2717 244 2780 Homeri
269 2716 506 2803 sententiam32)
530 2721 587 2780 vix
610 2740 690 2802 opus
714 2724 821 2782 estut
845 2739 1041 2783 moneamus.
1074 2718 1137 2782 Sed
1156 2717 1226 2782 fieri

110 2827 224 2908 potuit,
247 2830 283 2887 ut
305 2825 338 2886 id
362 2844 426 2887 non
447 2827 578 2888 sentiret
605 2825 646 2887 M.
672 2823 796 2903 Caesar,
825 2827 920 2889 homo
951 2827 1069 2888 mirum
1096 2826 1131 2886 iu
1160 2845 1226 2887 mo-

111 2932 190 2993 dum
215 2923 391 3020 ὀψιμαθής
414 2937 445 2994 et
469 2951 506 2995 ea
529 2933 598 3015 ipsa
621 2938 732 3014 aetate,
761 2955 825 3016 qua
857 2933 1077 2996 adulescentes
1104 2933 1225 3015 Ingenii

109 3037 287 3101 efflorentis
322 3040 355 3099 vi
386 3040 458 3102 freti
492 3041 597 3122 potius
631 3041 666 3100 in
701 3040 891 3100 contrariam
931 3042 1055 3121 partem
1093 3057 1225 3121 peccare

109 3145 223 3226 solent,
247 3146 419 3208 admodum
444 3147 557 3228 puerili
575 3151 606 3208 et
620 3147 792 3207 immatura
813 3146 934 3227 ingenii
961 3144 1120 3206 facultate.
1162 3143 1224 3205 Ita-

109 3271 173 3332 que
197 3257 322 3316 mutare
345 3253 480 3316 uerbum
505 3251 721 3336 ‘quamquam’
743 3271 808 3314 non
825 3252 984 3333 auderem,
1004 3252 1067 3314 nisi
1083 3249 1223 3313 Studem.

107 3360 128 3420 l.
154 3378 178 3420 c.
202 3380 232 3442 p.
257 3359 338 3421 VIII
360 3365 432 3443 post
456 3359 538 3422 ‘nisi'
567 3363 597 3422 et
621 3362 694 3421 ante
715 3349 847 3442 ‘plurale'
877 3359 912 3419 in
939 3356 1004 3421 fine
1032 3376 1146 3420 versus
1174 3358 1223 3419 in-

108 3472 212 3528 certas
237 3465 373 3527 duarum
397 3467 573 3526 litterarum
597 3464 728 3527 umbras
757 3484 909 3548 apparere
937 3463 1118 3545 affirmaret,
1142 3484 1223 3547 quae

108 3591 185 3634 cunr
209 3572 248 3633 ad
272 3577 307 3632 tu
331 3569 396 3652 (rel
419 3571 463 3650 tu)
492 3571 594 3652 magis
624 3591 720 3652 quarn
748 3572 788 3634 ad
817 3591 859 3634 eu
887 3561 1022 3652 (191911)
1051 3571 1223 3633 convenire

107 3679 197 3741 visae
222 3683 337 3756 essent,
364 3678 435 3740 ‘nisi
463 3681 539 3738 tum
569 3672 680 3761 ybualu
702 3670 811 3754 iirrvog’
837 3683 894 3742 etc.
924 3677 1127 3740 scribendum
1152 3697 1222 3740 esse

108 3785 281 3847 arbitratus
306 3788 360 3846 est.
406 3782 474 3846 Iam
498 3783 558 3845 hoc
581 3787 608 3847 si
635 3790 719 3848 recte
746 3786 830 3866 scolt,
857 3785 1012 3867 particula
1039 3782 1127 3846 ‘tum’
1156 3804 1221 3846 non

107 3891 205 3954 habet
229 3910 291 3973 quo
315 3890 478 3972 referatur,
501 3891 564 3954 nisi
581 3893 756 3974 scripseris:
781 3891 853 3954 ‘nisi
869 3897 937 3954 tum
957 3890 1002 3975 γλ.
1019 3882 1044 3953 b.
1060 3911 1113 3953 aar.
1131 3913 1220 3973 neap.

199 4157 243 4223 32)
269 4153 317 4210 Od.
342 4177 357 4206 u
381 4155 412 4207 31
438 4156 499 4207 aaa*
526 4159 570 4224 ἐμὲ
595 4159 642 4210 μὲν
666 4153 703 4224 yt.
728 4149 787 4212 bara.
821 4160 862 4208 ἐπ.
892 4177 960 4223 naqa.
990 4156 1050 4206 Αἰεὶ
1079 4151 1129 4224 γὰρ
1151 4149 1221 4208 πόδα

105 4243 170 4310 νηὸς
191 4241 309 4312 ἐνώμων,
329 4234 391 4296 οὐδέ
408 4265 448 4309 τῳ
472 4240 541 4310 ἄλλο)
563 4243 630 4308 Δοῖχ’
648 4240 758 4314 ἑτάρων,
781 4245 824 4297 ἵνα
842 4243 949 4296 θᾶσσον
967 4243 1090 4312 ἱκοίμεθα
1107 4241 1221 4314 πατρίδα

103 4355 194 4406 ydram.
