3110 4982
632 380 673 442 47

96 570 180 634 idem
206 569 245 633 de
268 568 534 652 praecedentibus
554 567 770 650 judicandum
799 573 854 632 est.
901 568 965 633 Sed
998 571 1129 633 omnino
1153 570 1212 634 Fa-

95 679 246 739 vorinum
272 680 306 738 ut
330 680 444 758 cetera,
465 677 510 738 ita
534 676 631 739 etiam
653 675 712 737 hos
736 675 831 738 ludos
848 673 968 738 Graeca
983 676 1095 760 lingua
1114 679 1216 760 scrip-

100 784 181 846 sisse
205 787 236 845 et
261 780 402 846 Gellium
425 781 534 864 XVII,
559 782 608 861 12,
637 782 727 863 4sq.
764 784 832 864 ejus
853 782 966 846 rerba
1000 785 1032 846 in
1068 785 1215 868 linguam

15 897 16 900 ’
93 887 241 951 Latinam
264 891 399 953 vertisse
422 889 501 952 mihi
524 888 698 952 verisimile
722 894 771 952 est
793 888 844 973 (cf.
862 887 939 952 (1911.
957 888 1034 970 XII,
1059 890 1087 968 1,
1111 889 1211 976 24)85)

93 994 163 1057 Iam
187 996 215 1058 si
238 994 410 1059 Frontonis
442 994 541 1058 verba
576 994 828 1077 consideramus
859 1015 954 1060 nemo
989 1015 1055 1058 non
1088 999 1214 1078 sentiet,

94 1107 217 1184 quanta
241 1103 475 1166 allitterationis
498 1103 548 1165 vis
570 1103 649 1164 insit
671 1103 706 1164 in
729 1101 835 1165 verbis
868 1103 913 1165 ‘ut
947 1141 989 1148 —
1024 1103 1213 1186 neglegere',

15 1279 16 1290 ,
93 1213 125 1271 et
150 1213 346 1292 quantopere
378 1211 538 1273 comicum
571 1209 692 1272 fontem
726 1210 859 1291 sapiant.
905 1208 1020 1292 ltaque
1048 1209 1213 1274 confiden-

92 1317 218 1378 tissime
241 1316 299 1379 hos
323 1336 437 1380 versus
461 1315 647 1379 effecerim:⁴

235 1440 279 1504 Ut
303 1444 450 1524 quaeque
473 1440 590 1502 mulier
613 1438 707 1522 magi'
731 1438 840 1502 fretast
862 1439 943 1502 facie
968 1439 1061 1523 [sua],

235 1548 282 1610 ita
304 1547 432 1610 facilius
456 1552 564 1609 cutem
587 1549 619 1608 et
641 1546 792 1628 capillum
813 1545 964 1628 neglegit.

183 1651 329 1716 Eandem
350 1654 540 1717 sententiam
560 1652 659 1716 habes
680 1653 763 1734 apud
781 1650 885 1714 Plaut.
903 1650 994 1716 Most.
1011 1652 1036 1734 I,
1057 1655 1085 1734 3,
1108 1656 1148 1718 93
1165 1675 1211 1737 sq.

147 1839 149 1843 ,
227 1759 345 1823 11111191
369 1778 452 1842 quae
476 1779 510 1822 se
535 1762 692 1841 suamque
715 1763 852 1822 aetatem
874 1745 1001 1840 spernit,
1028 1761 1160 1842 speculo
1181 1764 1212 1825 ei

715 1869 795 1928 usus
819 1871 879 1928 est:

229 1971 313 2046 Quid
337 1977 433 2056 opust
456 1972 585 2055 speculo
609 1971 677 2053 ubi,
709 1991 806 2054 quom
830 1976 899 2034 tute
937 1973 1067 2056 speculo
1111 1977 1212 2058 speci-

715 2097 790 2140 men
813 2079 1002 2144 maximum.
1034 2099 1058 2144 e.
1086 2102 1113 2164 q.
1141 2102 1165 2146 s.

183 2202 226 2268 Et
249 2221 326 2266 sane
349 2207 380 2266 et
403 2206 511 2264 noster
541 2202 632 2264 locus
667 2205 698 2264 et
729 2221 843 2266 vorsus
875 2204 970 2285 paulo
1002 2225 1099 2288 supra
1130 2226 1210 2270 enu-

15 2327 16 2332 ’
95 2310 187 2372 oleati
210 2308 326 2372 Plauto
352 2307 441 2391 digni
464 2307 577 2372 forent..

182 2415 292 2479 Minus
325 2421 421 2496 certa,
455 2415 510 2478 sed
544 2420 652 2478 tamen
685 2415 779 2478 valdo
812 2417 998 2480 verisimilia
1031 2418 1110 2481 haec
1146 2421 1210 2482 duo

95 2523 242 2604 exempla
263 2522 428 2586 videntur:

180 2658 632 2735 Α1111111011.Ρ111111ΙΠΞ
658 2684 689 2755 p.
716 2660 776 2733 166
803 2684 834 2733 1.
860 2661 910 2733 14,
965 2665 1092 2748 Fronto,
1125 2672 1210 2751 post-

95 2791 192 2852 quam
216 2771 357 2834 amicum
380 2777 552 2849 mortuum,
577 2771 716 2853 Nigrum
732 2769 930 2852 Censorium,
955 2773 1039 2854 quod
1063 2775 1098 2835 in
1116 2778 1210 2837 testa-

94 2882 200 2940 mento
225 2897 284 2940 suo
307 2899 422 2961 parum
458 2877 564 2942 verbis
598 2878 822 2960 temperaverit
857 2877 1013 2941 adversus
1047 2880 1210 2944 hominem

93 2985 276 3068 imperatori
298 2984 498 3066 familiarem,
521 2986 697 3066 excusavit,
719 2986 765 3047 ita
787 2985 906 3067 pergit:
931 2983 1000 3068 Ego
1024 2991 1109 3050 certe
1134 2987 1209 3052 deos

94 3109 225 3173 superos
257 3091 441 3174 inferosque
475 3097 506 3154 91
538 3091 634 3155 fidem
670 3110 820 3154 arcanam
854 3090 1014 3155 humanae
1049 3094 1208 3158 amicitiae

93 3200 201 3279 testor,
233 3217 284 3260 me
308 3218 434 3282 semper
456 3203 620 3262 auctorem
650 3197 761 3278 fuisso,
795 3197 890 3278 cujus
913 3215 944 3259 9.
969 3218 997 3280 q.
1022 3197 1058 3281 s]
1105 3198 1139 3262 Si
1172 3220 1210 3263 ea

94 3323 175 3385 quae
197 3307 344 3387 proxime
367 3306 574 3388 praecedunt,
596 3305 712 3388 legeris
728 3323 756 3364 v.
783 3303 823 3364 10
848 3323 893 3385 sq.
919 3355 925 3367 .
952 3355 958 3366 .
986 3355 992 3368 .
1017 3306 1133 3368 ‘virum
1152 3307 1207 3369 illo

93 3411 160 3493 ipso
184 3416 326 3495 tempore
350 3431 413 3494 quo
436 3412 578 3476 offendit:
604 3411 658 3474 sed
679 3409 815 3473 amando
831 3411 876 3472 ita
892 3409 1031 3493 offendit,
1055 3418 1093 3475 ut
1107 3413 1208 3495 plera-

94 3537 155 3598 que
179 3520 340 3600 animalia,
373 3519 493 3602 quibus
517 3518 606 3582 abest
629 3538 681 3580 ars
705 3522 736 3580 91
759 3517 913 3580 sedulitas
946 3517 1114 3601 educandi,
1149 3540 1209 3583 ova

94 3629 188 3708 atque
213 3627 335 3690 catulos
360 3645 435 3690 suos
460 3625 626 3709 unguibus
652 3629 706 3688 aut
730 3622 881 3686 dentibus
900 3623 984 3687 male
1003 3629 1210 3709 contrectant,

180 3872 225 3942 85)
249 3872 291 3926 Ita
313 3874 343 3924 ut
365 3871 479 3925 sentiam
503 3871 618 3924 efficitur
637 3871 727 3924 verbis
746 3869 887 3924 Frontonis
906 3886 987 3939 supra
1005 3870 1096 3924 citatis
1111 3888 1136 3939 p.
1156 3873 1207 3928 211

96 3978 121 4014 v.
140 3962 157 4014 6
178 3960 411 4015 ‘nullum-nobile’.
431 3959 509 4014 Nihil
527 3961 560 4012 de
579 3976 610 4012 ea
628 3975 656 4011 re
674 3959 768 4011 inveni
790 3960 862 4027 apud
879 3959 1038 4014 Marresium
1063 3959 1103 4011 Do
1122 3959 1206 4013 Favo-

93 4050 146 4102 rini
171 4051 236 4119 vita,
262 4051 367 4122 studiis
392 4051 510 4118 scriptis.
536 4049 599 4102 dise.
624 4047 713 4115 inaug.
750 4048 862 4116 Frajecti
887 4049 920 4101 ad
947 4047 997 4104 Rh.
1016 4045 1206 4117 MDCCCLIH,

94 4139 139 4206 qui
163 4141 254 4192 tamen
276 4143 348 4193 reete
372 4140 454 4193 verba
471 4137 612 4193 Frontonis
636 4153 660 4204 p.
680 4136 732 4192 215
751 4154 777 4191 1,
797 4136 831 4191 18
849 4137 887 4190 119
905 4137 1105 4204 interpretatur:
1146 4137 1206 4190 ‘non
1295 4178 1303 4194 .

94 4244 159 4294 opus
177 4244 235 4281 9999
254 4244 283 4282 99
302 4227 476 4296 descriptioni
495 4243 559 4281 suae
578 4226 721 4293 appingere
741 4225 877 4293 pigmenta
899 4227 953 4279 fnoi
977 4225 1125 4279 secundum
1150 4242 1206 4278 me-

94 4316 205 4369 thodum
223 4316 357 4371 Favorini’
377 4317 421 4384 (cf.
441 4316 542 4370 1191199
560 4332 586 4382 p.
605 4315 660 4382 52).
