3110 4982
678 418 720 481 39

141 611 215 673 tatis
238 610 358 694 gloriae
381 608 603 692 bonorumque
626 610 773 672 omnium
796 608 981 690 participem
1001 611 1133 687 tutatur,
1150 607 1253 688 45,18.

141 717 218 780 Post
252 721 394 798 pastores
424 735 537 779 recens
570 716 704 797 repertis
735 713 851 778 fistulis
884 732 918 776 se
948 717 1046 796 atque
1071 731 1170 795 pecus
1198 713 1254 777 ob-

141 822 300 886 lectabant
337 822 462 902 trent.
500 823 593 905 vigeo
627 822 717 885 valeo
757 821 877 902 exulto,
917 839 980 903 quo
1019 819 1078 900 vis,
1116 821 1254 901 veniam,

141 949 204 1011 quo
247 930 309 1008 vis,
352 946 478 990 curram
508 928 589 1008 5,16.
633 929 699 990 vim
734 926 826 992 verbi
865 946 901 989 ac
936 929 1139 989 venustatem
1170 924 1252 1008 64,7.

141 1055 249 1098 veram
283 1054 437 1098 sensuum
471 1034 664 1117 facultatem,
707 1035 897 1099 elocutionis
931 1036 1054 1098 variam
1092 1034 1254 1113 virtutem,

139 1141 335 1204 inventionis
358 1143 499 1223 aliquam
522 1140 661 1223 (Ernest.
682 1141 880 1206 Klussmann
903 1142 1017 1205 Philol.
1036 1136 1121 1201 1868
1140 1159 1170 1221 p.
1189 1139 1252 1201 240

140 1249 219 1329 conj.
244 1247 423 1330 antiquam)
443 1248 628 1331 novitatem,
652 1250 803 1312 orationis
823 1248 948 1310 doctam
963 1246 1202 1330 dispositionem
1222 1295 1252 1308 ..

139 1355 273 1417 miratus
297 1359 345 1418 est
369 1355 450 1436 14,5.
497 1353 683 1418 Herbarum
707 1375 837 1438 quoque
867 1373 969 1436 sucos,
1004 1352 1124 1436 quibus
1158 1352 1257 1414 corda

138 1460 306 1523 hominum
330 1460 469 1525 Somnus
500 1463 625 1545 sopiret,
649 1463 716 1524 suis
738 1461 759 1525 J
762 1463 887 1546 uppiter
910 1459 1059 1523 manibus
1086 1457 1252 1541 temperat'

139 1564 243 1649 229,8.
267 1568 375 1632 minus
398 1571 513 1633 misere
537 1569 719 1632 mehercule
743 1568 846 1650 69,11.
892 1566 992 1630 Plura
1018 1566 1159 1650 proferre
1186 1584 1252 1627 non
1354 1556 1361 1570 ¹

138 1693 277 1757 possum,
300 1680 332 1738 et
354 1694 395 1738 ne
418 1676 495 1738 haec
519 1675 650 1758 quidem
673 1676 781 1738 omnia
804 1678 889 1737 certa
911 1669 1039 1754 suune)

226 1779 345 1844 Tamen
379 1787 452 1845 utut
486 1783 564 1846 haec
597 1800 648 1844 res
680 1800 714 1844 se
741 1781 845 1863 habet,
873 1785 993 1862 quanto
1026 1779 1253 1842 discriminea

137 1886 215 1949 locis
231 1888 325 1950 modo
342 1889 480 1952 collectis
499 1893 707 1972 segregantur
722 1888 765 1969 hi,
784 1907 873 1970 quos,
889 1907 991 1970 quum
1010 1886 1105 1950 etiam
1124 1889 1253 1967 propter

137 1992 215 2055 alias
238 1996 377 2058 rationes
401 2014 419 2058 e
441 2000 607 2078 poetarum
630 1994 787 2058 thesauris
811 1994 1014 2078 depromptos
1046 2010 1114 2055 esse
1147 1992 1251 2074 suspi-

138 2100 276 2162 candum
300 2102 350 2182 sit,
373 2122 470 2185 supra
494 2101 639 2164 consulto
667 2102 795 2164 reticui:
827 2099 876 2164 Sit
902 2100 1010 2162 salvus
1039 2102 1134 2179 sator,
1161 2098 1251 2161 salva

138 2206 202 2268 sint
224 2212 301 2289 sata,
324 2208 412 2270 salva
435 2227 525 2290 seges
548 2209 590 2270 sit
614 2206 717 2285 101,9.
749 2208 805 2289 qui
838 2225 977 2288 usquam
1011 2206 1157 2288 gentium
1184 2205 1251 2267 vim

137 2333 226 2374 suam
260 2319 460 2397 praesentem
491 2317 734 2397 promptamque
761 2312 947 2375 hominibus
969 2310 1123 2394 praebent
1145 2311 1249 2392 47,13.
1337 2365 1339 2370 .

137 2417 180 2480 Ut
204 2438 350 2502 quaeque
373 2421 489 2484 mulier
510 2422 612 2504 magis
634 2420 714 2483 facie
738 2419 818 2483 freta
842 2424 899 2500 est,
925 2420 970 2482 ita
995 2417 1120 2480 facilius
1144 2422 1249 2481 cutem

137 2529 167 2588 et
183 2526 333 2608 capillum
349 2528 518 2611 neglegere
534 2527 661 2608 215,19.
703 2524 752 2589 De
768 2525 886 2608 quibus
903 2524 987 2588 inira
1003 2525 1164 2608 agendum
1183 2526 1249 2588 erit.

222 2620 465 2698 Allitterationis
494 2633 728 2697 Frontonianae
760 2633 917 2696 nonnulla
948 2631 1096 2715 exempla
1122 2631 1250 2715 collegit

136 2737 272 2802 Adolfus
294 2739 394 2803 Ebert
417 2740 436 2803 l.
453 2761 478 2803 o.
494 2761 523 2823 p.
541 2739 582 2801 45
616 2759 681 2802 non
713 2744 784 2822 apto
817 2739 857 2802 de
890 2758 927 2802 ea
958 2757 993 2801 re
1012 2737 1135 2818 judicio
1159 2758 1248 2801 usus

136 2842 252 2907 Omnia
275 2847 361 2908 enim
384 2867 441 2930 pro
464 2846 633 2910 Frontonis
657 2844 821 2928 Marcique
844 2847 982 2929 propriis
1005 2843 1192 2908 venditavit.

222 2949 283 3014 His
305 2951 371 3014 fere
395 2953 519 3036 legibus
543 2953 696 3035 expositis
726 2952 890 3035 aliquanto
918 2950 1106 3014 certioribus
1134 2950 1249 3014 funda-

134 3058 252 3120 mentis
286 3059 350 3120 nisi
377 3060 444 3140 jam
479 3059 519 3122 ad
549 3061 749 3143 propositum
780 3059 928 3122 accedere
950 3078 1130 3142 possumus.
1177 3055 1249 3132 Qua

134 3164 166 3224 in
192 3183 226 3226 re
249 3165 294 3227 ita
316 3169 443 3228 tantum
474 3167 551 3230 certi
584 3165 793 3247 aliquidaut,
825 3166 910 3250 quod
941 3184 1008 3229 non
1039 3163 1249 3228 abhorreata

135 3271 202 3333 veri
226 3272 443 3354 similitudine,
467 3291 684 3354 assequemur,
707 3275 744 3335 ut
766 3292 944 3356 numquam
967 3270 1168 3354 singularum
1192 3271 1247 3334 sed

134 3395 260 3459 semper
293 3377 436 3460 plurium
476 3380 723 3461 conjunctarum
758 3398 775 3442 e
809 3379 929 3462 regulis
963 3378 1057 3441 modo
1094 3378 1248 3460 expositis

133 3482 197 3546 fide
220 3485 368 3547 nitamur.

223 3588 265 3652 Et
287 3591 427 3672 primurn
451 3591 581 3674 quidem
606 3591 645 3654 de
668 3592 863 3656 hexametris
887 3611 1028 3676 agemus.

222 3691 274 3767 Ad
295 3692 341 3767 Μ.
357 3692 478 3768 Anien.
495 3733 499 3741 ·
523 3692 571 3768 De
586 3693 757 3770 orationib.
773 3719 805 3791 p.
820 3695 881 3769 158
896 3719 928 3768 v.
948 3693 980 3767 4.
1027 3696 1145 3761 Fronto
1161 3705 1247 3781 post-

135 3823 230 3885 quam
255 3802 424 3867 Lucanum
447 3806 651 3887 vituperavit,
675 3805 760 3887 quod
782 3806 875 3868 initio
891 3805 1042 3868 carminis
1058 3805 1109 3867 sui
1125 3809 1247 3888 septem

224 4086 268 4154 79)
288 4087 357 4140 Nam
376 4088 401 4153 5,
422 4087 454 4140 16
472 4103 526 4141 uno
545 4087 674 4142 vocabulo
693 4087 874 4156 monosyllabo
892 4088 993 4141 inserto
1011 4087 1102 4141 evadit
1120 4103 1226 4142 versus:

216 4173 300 4243 Vigeo
319 4174 395 4230 valeo
413 4174 525 4244 exsulto,
545 4193 597 4244 quo
614 4177 666 4244 ris,
685 4175 792 4230 veniam
811 4175 895 4246 [jam],
914 4192 966 4245 quo
984 4177 1028 4229 vis
1046 4174 1162 4231 curram.

222 4263 257 4318 nt
274 4263 356 4316 verba
375 4264 434 4330 149,
454 4265 488 4318 14
507 4265 606 4319 senarii
624 4265 742 4334 speciem
760 4265 898 4333 praebent:

409 4351 473 4406 Post
490 4351 610 4421 pistores
629 4350 724 4408 recens
741 4354 854 4422 repertis
872 4351 979 4412 usulis.
