3110 4982
652 395 693 456 23

120 581 221 662 emplo
257 586 369 644 careat.
424 581 538 665 Itaque
570 581 691 645 librarii
725 603 830 648 errore
865 584 1025 649 ‘obnoxia'
1057 587 1087 648 h.
1120 586 1140 650 1.
1161 606 1229 669 pro

119 690 204 748 recto
228 691 258 748 et
282 688 407 750 sincero
430 688 574 752 ‘noxia’
600 691 754 772 scriptum
779 709 848 754 esse
871 688 1001 776 puto59)
1101 706 1106 718 ·

206 788 258 863 Ad
273 789 317 862 M·
335 789 708 888 Oues.V5(20)=p.
722 793 763 866 78
782 817 811 866 v.
824 794 855 867 8.
898 798 939 860 M.
956 797 1110 862 Aurelius
1133 801 1232 881 magi-

31 953 32 958 ,
119 905 229 981 strum,
254 919 350 981 quem
368 901 467 964 biduo
483 903 614 965 visurus
638 909 694 984 est,
718 903 844 966 obviam
862 904 924 967 sibi
945 907 1127 968 venientem
1144 904 1231 987 Oaje-

119 1013 167 1070 tae
191 1027 224 1069 se
248 1009 385 1091 opperiri
405 1008 506 1090 jubet,
530 1030 595 1091 quo
618 1008 750 1073 brevius
775 1012 803 1073 ei
829 1013 870 1074 sit
889 1012 951 1074 iter
968 1010 1080 1074 morbo
1096 1013 1231 1076 recenti:

117 1113 218 1176 ‘llario
251 1114 390 1195 delicias,
424 1114 508 1196 quod
539 1115 638 1179 fermo
669 1118 776 1179 evenit
809 1117 937 1200 quibuS,
968 1118 1055 1201 quod
1086 1119 1232 1201 cupiunt,

27 1239 28 1278 .
119 1221 247 1283 tandem
282 1222 317 1283 in
349 1241 447 1282 maun
481 1226 541 1283 est:
579 1223 739 1304 differunt,
776 1224 946 1306 afluunt,
979 1224 1152 1307 gestiunt}
1190 1225 1230 1288 In

117 1329 261 1410 margine
284 1329 362 1390 liaeo
385 1327 549 1409 leguntur:
575 1327 745 1412 ‘diffluunt
769 1329 928 1394 affluunt’.
975 1330 1036 1394 Sed
1053 1333 1231 1415 marginem

117 1435 195 1496 nihil
219 1455 333 1497 moror.
380 1434 482 1498 Nemo
511 1435 648 1517 negabit,
681 1436 761 1499 illud
792 1435 939 1500 ‘alluunt’
974 1439 1042 1502 sive
1075 1435 1230 1501 ‘affluunt’

117 1542 258 1624 intellegi
291 1562 356 1604 non
389 1561 482 1625 posse
515 1547 546 1605 et
575 1562 707 1626 prorsus
739 1542 882 1606 alienum
910 1563 980 1607 esse
1008 1544 1047 1607 ab
1071 1546 1232 1626 hocloco,

120 1647 173 1709 ubi
203 1648 336 1732 aliquod
359 1648 495 1726 verbum
524 1650 710 1731 requiritur,
739 1650 823 1732 quod
852 1650 934 1714 bene
962 1671 1036 1714 oum
1067 1651 1232 1716 differendi

118 1759 149 1816 et
169 1755 327 1837 gestiendi
352 1754 458 1818 verbis
492 1757 645 1839 conjungi
670 1761 700 1818 et
723 1761 794 1839 apte
827 1757 865 1820 do
895 1758 966 1820 istis
1000 1759 1144 1821 delicatis
1169 1758 1232 1821 dioi

117 1863 222 1942 possit.
269 1861 382 1944 ltaque
407 1862 493 1944 conj:
518 1862 688 1943 ‘differunt
711 1863 872 1945 abdunt,
894 1864 1056 1947 gestiunt'.

203 1963 256 2038 Ad
270 1963 317 2037 Μ.
332 1964 422 2039 (laos.
439 1965 470 2039 V
486 1963 524 2040 51
543 1964 616 2052 (66)
630 1989 714 2061 =p.
732 1966 771 2039 91
785 1989 817 2039 v.
833 1968 860 2039 1.
894 1968 997 2045 Quom
1013 1972 1093 2034 haec
1111 1971 1231 2034 scribas

119 2074 218 2154 mihi,
253 2076 412 2158 magister,
447 2076 541 2138 oredo
572 2075 736 2158 intellegis
769 2076 1034 2140 sollicitissimum
1073 2097 1124 2141 me
1159 2083 1233 2140 vota

117 2180 219 2244 facere
253 2201 310 2264 pro
345 2182 448 2244 salute
482 2181 557 2264 tual.
619 2180 708 2245 inter
742 2186 787 2244 tot
824 2183 980 2267 exempla,
1021 2184 1077 2247 ubi
1117 2183 1233 2248 Caesar

120 2288 308 2370 magistrum
332 2287 526 2370 adloquitur,
555 2289 615 2350 hoc
640 2309 745 2351 unum
768 2291 941 2371 invenitur,
969 2289 1025 2352 ubi
1053 2310 1128 2353 eum
1157 2293 1232 2354 sim-

118 2393 241 2476 pliciter
275 2394 457 2478 magister,
491 2395 581 2458 nullo
620 2394 781 2476 attribute,
821 2395 906 2478 quod
941 2397 1087 2478 dicimus,
1126 2396 1232 2459 addito

120 2501 263 2583 appellat.
319 2500 431 2584 Itaque
464 2503 572 2565 nescio
608 2522 648 2564 an
682 2498 887 2566 scribendum
922 2505 975 2566 sit:
1013 2504 1122 2586 ‘quom
1154 2503 1233 2566 haec

119 2606 253 2687 scribas,
286 2609 336 2670 mi
367 2608 537 2689 magister’,
578 2628 605 2672 e.
639 2630 666 2691 q.
700 2630 722 2672 s.
756 2609 794 2672 ct.
829 2629 857 2692 p.
893 2611 973 2688 91,3.
1008 2610 1110 2688 57,17.
1152 2610 1232 2688 72,9.

121 2715 222 2795 19,12.
253 2715 357 2795 8030.
392 2715 516 2796 101,18.
546 2715 648 2786 lodi.
684 2717 808 2797 106,19.
842 2715 942 2796 116,6.
972 2717 1075 2797 223,6.
1105 2715 1231 2797 230,15.

120 2821 246 2896 231,17.

204 2923 257 2997 Ad
271 2923 317 2996 M.
335 2923 427 2998 Gaea
443 2923 474 2997 V
492 2924 533 2998 53
549 2925 626 3008 (68)
645 2960 687 2980 =
702 2949 731 3020 p.
748 2925 787 2998 91
802 2949 831 2998 r.
848 2925 876 2997 8·
916 2927 1062 3012 Epistula
1085 2931 1231 3010 proxime

119 3035 324 3097 antecedente
351 3034 469 3097 Fronto
498 3035 540 3096 M.
569 3036 701 3098 Aurelio
730 3037 910 3119 scripserat,
932 3035 1053 3097 ‘decem
1076 3034 1175 3098 tanta’
1200 3055 1234 3099 se

118 3140 250 3203 filiolam
274 3141 372 3202 Marci
406 3161 522 3221 ornare,
556 3143 640 3224 quod
673 3144 855 3224 parentium
890 3147 954 3203 tam
991 3141 1104 3203 similis
1139 3147 1231 3206 esset.

118 3247 278 3324 Rescribit
302 3247 444 3310 Marcus:
477 3248 518 3311 llt
550 3267 609 3310 nos
634 3249 817 3328 Gratiam,
850 3247 937 3329 quod
968 3249 1016 3309 tui
1039 3248 1153 3310 similis
1177 3253 1234 3328 est,

119 3355 220 3436 magis
244 3373 398 3416 amamus.
445 3353 551 3416 Facile
580 3374 656 3437 ergo
684 3355 913 3436 intellegimus
941 3357 1061 3437 quanta
1089 3355 1175 3437 apud
1203 3359 1234 3418 to

119 3463 160 3524 sit
198 3460 316 3522 filiolae
354 3466 481 3523 nostrae
520 3463 770 3524 conciliatrix
805 3460 1024 3523 similitudo
1062 3463 1234 3545 utriusque

118 3564 263 3656 nostri'.].
311 3565 476 3630 Contrario
501 3572 735 3651 exspectamus,
757 3573 885 3650 propter
913 3587 984 3630 eam
1010 3585 1079 3630 rem
1102 3567 1234 3630 Fronto-

118 3693 235 3736 nema
265 3672 369 3736 Marco
393 3676 495 3757 magis
522 3675 631 3755 amari,
656 3673 742 3756 quod
774 3673 892 3754 Gratia,
917 3674 995 3754 'ejus
1026 3671 1103 3751 iilia,
1135 3675 1234 3757 patris

121 3782 235 3846 similis
261 3782 309 3843 sit.
356 3773 440 3843 Nam
463 3785 532 3842 tum
556 3780 686 3843 demum
710 3786 782 3863 apte
806 3780 975 3862 respondet
996 3778 1074 3842 haec
1098 3781 1235 3863 epistula

118 3889 216 3970 priori
240 3892 271 3950 et
294 3893 363 3949 tum
387 3887 516 3950 demum
541 3889 710 3968 utriusque
734 3888 890 3950 emorita
917 3887 1092 3968 comparari
1120 3892 1234 3970 potest,

118 4045 331 4056 ..—...,.-x-..

210 4151 254 4221 59)
274 4152 306 4204 of.
325 4168 351 4218 p.
371 4151 431 4218 206,
448 4152 479 4205 14
498 4150 545 4204 ‘rei
558 4149 669 4204 militari
688 4151 792 4204 desidia
811 4151 912 4205 noxia
931 4151 978 4203 est.
992 4166 1017 4216 p.
1032 4149 1091 4214 214,
1109 4149 1142 4203 14
1155 4149 1232 4203 vide·

118 4245 170 4306 tur,
191 4240 358 4308 diligentiam
377 4240 462 4308 magis
481 4239 609 4308 periculis
634 4239 812 4293 obnoxiam
837 4256 903 4295 esse.
940 4239 1060 4305 Utroque
1084 4237 1142 4292 loco
1165 4237 1231 4290 sim·
1277 4267 1281 4274 ·

36 4377 42 4386 .
117 4330 182 4397 pler
201 4331 228 4381 et
247 4330 422 4397 compositum
441 4331 513 4384 recto
532 4331 558 4382 et
576 4327 653 4382 solito
672 4345 753 4382 sensu
771 4331 928 4397 usurpatum
947 4329 994 4380 est.
